2796 4878
315 321 407 368 xxm

315 461 462 515 ediscenda
483 460 569 516 snatit
592 460 689 531 Cicero
712 460 817 532 Leptae
839 460 899 515 lilio
931 461 980 529 (ad
1003 458 1083 513 Fam.
1106 456 1152 522 vl,
1174 456 1245 524 18).
1287 456 1338 512 llos

314 555 400 626 igitur
423 554 531 626 singula
554 555 625 608 baec
651 554 799 623 proverbia
823 553 1015 626 grandioribus
1039 552 1116 605 initio
1133 568 1231 607 versus
1257 551 1338 605 literis
1381 590 1382 625 3

314 644 518 702 distinximus'a
534 648 653 716 reliquis.
688 649 803 701 Praeter
818 649 890 700 haec
910 653 1001 700 autem
1019 646 1046 698 in
1063 644 1246 698 oeconomicis
1263 661 1338 713 prae·

315 742 400 811 ceptis
414 742 469 794 alin
481 743 617 809 quaedam
629 741 756 795 uberiora
770 741 892 793 carmina
906 740 1032 793 habenda
1044 744 1116 804 sunt,
1133 755 1204 806 quae
1222 736 1267 790 lV.
1284 754 1338 789 ru·

314 834 421 889 sticia
440 834 473 888 de
492 852 561 905 agro
581 836 694 891 colendo
711 833 901 903 (383-611.)
919 840 946 887 et
963 833 994 884 V.
1018 831 1285 885 mercatoribus
1307 830 1337 883 de

313 927 490 998 navigatione
517 927 582 996 (618
594 957 628 968 -
641 926 719 994 694.)
751 926 891 996 praecepit
913 925 1059 992 Hesiodus,
1080 926 1245 978 Helotarum
1265 927 1339 992 poeta

217 1086 220 1091 ‚
314 1026 426 1090 propter
451 1020 516 1074 id
507 1038 597 1090 ipsum
621 1037 640 1074 ιι
664 1021 799 1090 Spartano
821 1037 890 1090 rege
919 1018 1006 1072 dictus
1044 1018 1093 1086 (cf
1126 1020 1191 1072 llio
1222 1019 1338 1087 chrys·

315 1114 362 1168 0r.
377 1116 411 1167 ll.
429 1132 455 1183 p.
479 1112 514 1166 14
525 1114 590 1183 sq)
624 1115 656 1166 In
680 1112 835 1183 praeceptis
857 1111 999 1164 rusticis
1021 1118 1165 1179 praeterea
1182 1111 1382 1169 habendum

313 1213 355 1262 est
372 1210 414 1260 vl.
433 1208 502 1262 illud
520 1207 724 1271 calendarium,
742 1207 814 1275 quod
832 1204 968 1274 Operibus
984 1204 1109 1259 adiicitur
1123 1205 1188 1286 inde
1206 1222 1225 1258 a
1242 1202 1338 1258 ι.166.

313 1302 354 1355 ΔΙ)
373 1302 419 1354 his
435 1302 561 1356 omnibus
578 1302 625 1355 via
643 1318 676 1353 ac
692 1296 798 1352 ratione
817 1316 927 1367 prorsus
944 1299 1053 1353 diversa
1072 1304 1133 1351 snut
1144 1298 1198 1352 tria
1213 1298 1382 1373 carmins,

313 1412 431 1477 quorum
455 1396 575 1464 primum
598 1394 655 1447 Vll
682 1394 724 1461 (v.
741 1391 897 1460 ‹tt-lta)
921 1392 957 1444 de
978 1392 1144 1447 Prometheo
1167 1397 1194 1444 et
1218 1391 1340 1445 Pandora
1381 1374 1382 1465 l

313 1488 439 1542 fabulam
462 1489 648 1567 prosequitur,
673 1482 792 1539 alterum
808 1487 876 1538 vm
895 1484 1002 1554 (169-
1008 1483 1083 1552 261.)
1110 1485 1145 1539 de
1166 1485 1340 1546 aetatibnsn
1381 1472 1382 1531 ξ

312 1564 436 1635 metallis
453 1580 598 1650 appellatis
615 1580 686 1651 agit,
718 1579 827 1639 tertium
845 1580 892 1633 lX
913 1576 1020 1646 (624-
1029 1576 1104 1644 668)
1122 1577 1203 1646 idque
1224 1577 1340 1631 omnium
1381 1558 1382 1599 l

314 1675 530 1739 recentissimam
548 1673 758 1742 descriptionem
775 1672 875 1748 hiemis
892 1670 986 1724 adiicit
1002 1672 1086 1742 longe
1102 1671 1272 1742 agravitate
1286 1672 1340 1724 He-

314 1768 385 1822 siodi
408 1769 455 1821 vel
482 1768 572 1836 poesia
593 1765 747 1820 diductione
771 1767 888 1839 alienam
919 1763 969 1833 (cf.
993 1766 1165 1819 Twcsten.
1190 1765 1339 1821 Commeat.

313 1852 373 1916 crit.
393 1879 420 1930 p.
439 1858 506 1924 66).
540 1860 610 1913 Nam
627 1865 657 1913 ιιι
674 1861 727 1912 duo
745 1859 852 1927 priora,
877 1874 1031 1926 quenquam
1048 1857 1172 1910 ubertate
1196 1863 1226 1910 et
1243 1858 1341 1913 colnac·
1381 1850 1382 1883 l

313 1953 401 2007 rentia
425 1952 621 2006 sententiarum
654 1968 671 2005 a
697 1951 851 2021 proverbiis
877 1950 936 2004 istis
965 1952 1090 2015 diversa,
1119 1950 1229 2004 ethicae
1254 1956 1341 2005 tamen
1381 1978 1382 1985 ι

314 2046 453 2102 doctrinae
475 2046 535 2101 fere
558 2052 619 2099 sunt
642 2048 836 2110 consentanea,
861 2045 933 2112 qnod
956 2043 1096 2099 humanae
1117 2049 1233 2097 naturae
1257 2043 1341 2096 imba-

313 2140 455 2195 cillitatem
474 2144 502 2192 et
518 2138 682 2208 pravitatem
700 2140 850 2201 ostendunt,
867 2138 907 2191 ita
924 2135 1035 2189 tertium
1046 2152 1156 2204 prorsus
1166 2136 1239 2190 nihil
1250 2137 1341 2203 habet,

314 2234 386 2303 qnod
410 2231 438 2285 in
463 2233 534 2285 bane
557 2249 619 2289 rem
639 2233 785 2309 quicquam
807 2228 902 2284 faciat.
944 2231 1073 2282 Getarum
1101 2229 1238 2298 imprimis
1261 2229 1340 2287 ctiam
1381 2266 1382 2295 2

313 2326 462 2380 notandum
479 2330 520 2378 est
537 2342 586 2393 per
603 2326 786 2394 apostrophen
803 2341 834 2377 se
858 2330 1017 2379 convertere
1034 2322 1196 2391 pactumad
1220 2324 1339 2386 Persem,
1381 2354 1382 2357 =

313 2418 429 2499 fratrem
446 2435 535 2484 suum,
551 2417 595 2471 his
612 2418 695 2470 tocie:
719 2418 748 2471 in
773 2417 905 2471 ethicis
929 2435 957 2470 v.
974 2416 1017 2473 21.
1035 2414 1095 2471 212
1113 2413 1173 2469 214.
1191 2416 1253 2470 286.
1274 2414 1340 2480 269,

313 2509 341 2564 in
358 2492 551 2563 rusticisv.
569 2509 667 2578 391,·
657 2510 898 2580 inpraeccptisde
915 2509 1263 2580 ιιιιιίιιιίοιιοι633.
1272 2506 1340 2572 641,,

311 2602 347 2657 in
371 2603 539 2672 politicis
563 2621 630 2657 vero
657 2606 698 2673 (v.
716 2601 777 2656 248.
801 2602 876 2671 263.)
904 2621 939 2657 ne
961 2603 1061 2658 mentio
1087 2605 1198 2672 quidem
1223 2594 1382 2657 iniicitur

312 2695 430 2764 Persae,
456 2697 504 2749 sed
529 2697 647 2769 Reges
665 2697 811 2767 alloquitur
833 2703 932 2767 poeta,
957 2699 992 2751 ad
1010 2714 1076 2764 quos
1099 2697 1209 2767 proprie
1233 2698 1339 2751 videtur
1381 2738 1382 2797 ,

236 2808 250 2821 “
313 2790 368 2843 hoc
386 2797 579 2861 argumentum
605 2793 750 2860 pertinere.
784 2793 816 2844 ln
840 2789 1055 2845 Celenderis
1078 2795 1106 2843 ct
1126 2791 1154 2844 in
1176 2791 1263 2845 tribus
1286 2787 1340 2843 illis
1381 2806 1383 2853 ι

212 2882 214 2886 ’
314 2883 494 2950 amplioribus
516 2885 691 2949 cat-minibus,
710 2901 779 2953 qnae
796 2886 879 2937 modo
896 2883 1119 2948 commemoravi,
1137 2886 1213 2939 nulla
1231 2882 1340 2937 omnino

313 2977 494 3046 apostrophes
510 2978 629 3044 mentio,
654 2995 742 3047 neque
760 2978 796 3031 ad
812 2977 914 3030 Persen
932 2994 1023 3049 *neque
1042 2977 1076 3028 ad
1094 2977 1179 3030 aliam
1195 2991 1341 3045 personam

313 3075 417 3123 certam
443 3069 572 3125 directae.
607 3070 689 3124 Vides
719 3071 804 3142 igitur
833 3084 965 3139 magum
994 3067 1192 3120 dubitationem
1211 3070 1256 3122 de
1287 3084 1340 3123 uno

311 3162 413 3215 horum
430 3163 581 3216 carminum
599 3171 712 3218 auctore
729 3163 805 3217 inlici
822 3167 850 3216 et
866 3165 979 3231 propter
992 3159 1129 3212 diversam
1146 3161 1341 3229 apostrophen,

312 3271 383 3323 quae
406 3272 491 3308 noum
514 3257 682 3326 eundemque
706 3264 818 3327 poetam
838 3255 867 3308 in
890 3269 944 3307 uno
968 3252 1117 3320 eodemque
1140 3258 1267 3320 poemate
1285 3269 1339 3307 non
1381 3284 1382 3293 ι

311 3348 398 3409 decet,
416 3354 444 3402 et
460 3356 570 3419 propter
589 3350 718 3405 οιιιίιιιιιιι
735 3365 845 3419 prorsus
863 3347 1054 3416 apostrophen.
1089 3340 1261 3415 deprimam
1277 3344 1339 3415 qui·

310 3440 374 3495 dem
391 3448 468 3511 patet
483 3423 529 3497 vel
546 3443 646 3497 leviter
661 3442 867 3514 inspicientibus
885 3424 1138 3494 Calendarium
1157 3439 1228 3494 istud
1245 3445 1338 3509 poste·

308 3532 365 3589 rius
381 3537 518 3590 adiectum
535 3555 605 3591 esse.
635 3532 730 3608 ”qua
756 3536 828 3591 enim
844 3533 942 3613 primo
959 3533 1169 3603 appellabantur
1184 3536 1256 3588 haec
1275 3549 1336 3588 car·

309 3626 385 3681 mina
409 3631 570 3697 (Pausan.
589 3631 638 3698 lx,
654 3632 712 3699 31.)
737 3647 787 3683 nec
808 3628 1005 3698 Διίιιοιιιιιιιιοι
1028 3629 1113 3697 (Rau.
1138 3626 1232 3695 1661.)
1256 3642 1337 3680 nosse

309 3718 418 3773 videtur
435 3718 547 3791 ἡμέρας,
563 3730 656 3790 postea
673 3741 739 3779 vero
751 3719 838 3795 Ἔργα
855 3721 903 3778 ani
918 3717 1041 3793 Ἡμέραι,
1051 3740 1133 3791 quum
1145 3721 1335 3775 calendarium

308 3812 444 3871 adiectum
461 3819 533 3867 esset
549 3814 609 3883 (ct,
628 3822 659 3871 ut
674 3818 729 3871 hoo
746 3818 872 3887 exemplo
889 3822 961 3881 utar,
978 3818 1088 3885 Etym.
1107 3817 1145 3870 M.
1164 3833 1190 3885 p.
1208 3811 1335 3882 38,14.).

308 3907 366 3961 Nea
384 3924 402 3961 a
423 3909 528 3961 Boeoto
547 3905 702 3975 profectum
725 3927 785 3963 esse
810 3915 898 3979 potest
916 3911 1110 3966 Calendarinm
1125 3913 1236 3978 propter
1253 3907 1334 3962 labn-

309 4001 364 4053 lam
377 4000 412 4053 de
420 3999 546 4069 Apolline
560 4004 624 4055 nato
637 4002 681 4057 die
691 4003 808 4072 septima
817 3991 1012 4076 'lber-gellonis
1029 4004 1130 4058 mensis
1148 3997 1238 4074 (Ἔιγ.
1249 4000 1284 4054 11
1287 3997 1334 4067 1.),

308 4106 378 4160 quae
390 4093 537 4158 adllelios,
547 4111 599 4148 nen
618 4097 655 4149 ad
671 4097 790 4151 Boeotos
807 4099 924 4167 pertinet
941 4099 981 4166 (v.
999 4098 1207 4163 Valckenar.
1224 4095 1260 4148 ad
1272 4091 1333 4147 Ari-

307 4184 374 4238 stob.
395 4203 422 4259 p.
439 4185 683 4253 lleneller.
701 4193 766 4246 llor-
783 4192 805 4247 1.
822 4208 849 4261 p.
866 4190 926 4246 366.
962 4192 1006 4246 cf.
1030 4191 1176 4246 bobeck.
1192 4186 1328 4270 dglncpb·
