2796 4878
1055 354 1105 399 m

143 488 224 542 Unde
247 487 405 570 Eustatlrius
428 489 551 544 hauserit
572 489 704 543 incertum
729 494 771 544 est
796 490 824 544 in
842 493 917 544 tauta
932 491 1039 546 iactura
1055 510 1104 546 vs·

75 587 166 636 terum
190 582 374 635 scholiorum.
415 583 529 652 Legisse
552 600 614 635 eum
631 582 754 650 pleniora
771 600 854 651 quam
877 600 947 651 quae
964 601 1034 637 nune
1051 586 1105 638 bs·

74 675 191 726 beamus
215 674 243 725 in
266 674 360 726 Scbol.
383 674 449 725 Veu.
469 675 503 726 ad
523 675 556 727 ll.
577 676 609 726 Β.
627 674 690 730 628.
713 676 865 743 probabilis
885 682 926 729 cst
950 676 1105 730 coniectura

76 767 182 836 lleyuii
205 767 241 818 ad
264 765 391 833 Apollod.
411 765 446 828 ll,
464 762 490 829 5,
506 763 549 830 5.,
573 783 624 817 nec
647 767 769 819 reticebo
791 766 879 819 videri
901 766 971 819 mibi
993 765 1104 818 interci-

75 860 148 913 disse
167 875 278 910 versum
296 864 357 926 post
375 854 528 927 μακάρεσσι
543 860 652 923 θεοῖσι,
677 859 753 911 cuius
770 860 842 911 baec
858 857 940 911 fucrit
957 857 1103 910 sententiar

74 951 123 1004 dd
147 951 371 1015 Dulichium,
396 966 462 1016 quo
485 966 559 1002 eam
576 951 734 1020 Phyleus
760 969 801 1004 ex
824 953 948 1021 Tegea
968 957 1104 1016 raptam

75 1044 185 1097 duxit.
223 1042 374 1095 Recusabis
396 1041 513 1094 fortasse
530 1045 760 1110 supplementum,
783 1059 836 1110 quo
860 1041 979 1095 admisso
1002 1044 1036 1095 ds
1053 1042 1104 1094 'l'i-

74 1135 210 1188 mandrae
235 1133 370 1186 adulterio
388 1136 475 1185 multo
500 1135 641 1187 verbosius
666 1141 815 1204 exponatur
841 1151 922 1202 quam
940 1134 975 1185 de
992 1135 1103 1203 Clytae-

74 1233 214 1279 mnestrae
227 1231 254 1279 et
266 1227 397 1278 Helenae.
425 1226 498 1279 Huic
514 1226 673 1281 dubitationi
686 1230 724 1280 sic
741 1229 909 1297 respondeo:
928 1225 974 1278 vix
992 1226 1103 1296 excogi-

74 1319 128 1371 tari
146 1335 237 1386 posse,
255 1318 326 1370 uude
337 1319 496 1371 Eustntlrius
510 1320 544 1372 ds
555 1320 722 1373 Timandras
739 1322 808 1390 fuge
825 1321 861 1373 ad
877 1318 1035 1372 Dulichium
1052 1335 1103 1370 au-

73 1411 134 1463 dire
155 1411 290 1477 potuerit,
317 1411 369 1465 uisi
391 1430 424 1464 er
441 1412 493 1466 isto
509 1412 569 1481 ipso
585 1413 741 1481 fragmento
758 1413 914 1465 Hesiodeo=
938 1415 1014 1473 tum,
1040 1409 1103 1463 ideo

74 1502 233 1555 accuratius
250 1503 278 1554 iu
296 1503 351 1554 hoe
368 1504 402 1554 de
419 1505 570 1556 Timandra
586 1504 685 1556 referri
702 1521 785 1571 quam
802 1507 837 1557 de
860 1503 1011 1567 sororibus,
1038 1502 1102 1569 quis

73 1596 177 1648 harum
194 1594 271 1646 fama
289 1594 495 1662 percrebuisset,
510 1596 583 1649 illius
598 1595 702 1648 noritis
719 1601 807 1660 esset,
830 1596 909 1647 cuius
932 1595 992 1647 fata
1009 1599 1037 1646 et
1054 1595 1102 1647 de·

76 1688 161 1740 decus
180 1703 213 1738 ne
232 1690 327 1753 postea
344 1686 468 1753 quidem,
485 1692 616 1754 quantum
633 1686 748 1751 scimus,
766 1688 794 1740 in
811 1703 907 1750 scena,
931 1702 1002 1753 quae
1024 1703 1102 1739 soro-

74 1797 138 1831 rum
156 1777 274 1847 piaculis
290 1780 436 1846 personuit,
455 1780 549 1833 audita
566 1786 642 1848 sunt,
660 1797 710 1832 uec
728 1779 877 1833 Pausanias
894 1779 968 1847 ipse,
987 1779 1103 1846 antiqui·

74 1872 139 1925 teris
162 1871 387 1940 diligentissimus
410 1877 557 1936 scrutator,
590 1871 656 1925 satis
677 1878 804 1925 accurate
827 1877 953 1938 noverat,
980 1871 1102 1924 scribens

74 1964 210 2031 pairano
235 1961 275 2018 δέ.
309 1964 422 2016 Versum
445 1965 573 2031 denique,
597 1982 677 2032 quem
700 1972 730 2019 tu
756 1965 825 2018 iuter
846 1965 1002 2034 fragmenta
1024 1981 1103 2017 rece-

74 2056 140 2124 pisti
161 2073 196 2107 ex
214 2057 308 2109 Schol.
325 2056 399 2109 Vrat.
418 2056 529 2108 Pindari
552 2057 599 2122 xl,
618 2056 667 2109 792
696 2054 859 2128 Τιμάνδρηκ
877 2054 995 2125 Ἔχεμος
1016 2061 1101 2111 dcte·

74 2147 130 2220 ρὴκ
153 2145 287 2214 ποιήσατ’
312 2144 437 2214 ἄκοιτιν,
463 2164 524 2199 cum
548 2148 673 2201 versibus
697 2166 767 2200 nunc
789 2150 903 2216 repertis
921 2150 1104 2218 conglutinari

8 2292 9 2303 ,
74 2259 166 2310 posse,
184 2258 294 2293 mecum
311 2239 464 2293 dubitabis:
493 2257 573 2306 quem
596 2240 665 2295 inihi
688 2257 740 2293 non
765 2241 921 2310 persuasisti
944 2241 980 2293 ad
996 2241 1104 2311 degi·
1139 2221 1142 2228 Ι

8 2320 9 2381 J
73 2335 181 2387 mium
197 2333 345 2401 pertinere,
363 2349 417 2400 quo
435 2332 551 2386 retulisti
568 2332 596 2385 io
614 2334 706 2401 priore
723 2334 858 2386 Editione.
893 2333 988 2399 Vides,
1007 2333 1103 2386 Goett·

8 2428 10 2489 ξ
73 2426 160 2495 liogi,
177 2442 222 2477 me
239 2442 293 2477 non
310 2424 391 2477 nimis
408 2441 533 2477 securum
550 2442 610 2477 esse
627 2443 677 2478 nec
696 2427 729 2478 de
746 2426 828 2479 buius
846 2425 981 2478 Carminis
998 2443 1048 2478 uec
1068 2427 1103 2479 ds

8 2586 9 2589 Ἴ
73 2516 135 2569 eius
152 2520 251 2580 aetate,
268 2516 340 2567 unde
357 2518 486 2584 decerpta
502 2522 572 2582 suut,
590 2534 661 2584 quae
671 2517 837 2571 scholiastes
846 2517 985 2586 Euripidis
1003 2536 1103 2589 suppe-

73 2608 182 2662 ditavit.
546 2674 548 2678 v

143 2701 263 2770 Rogasti
270 2699 408 2765 Scholion,
421 2701 570 2771 Goettlingi
583 2699 748 2765 doctissime,
760 2716 813 2751 nou
828 2701 990 2754 sententiam
1001 2719 1102 2756 meam.

8 2824 9 2863 l
73 2795 146 2863 Dedi
163 2799 322 2859 utrumqne3
347 2810 398 2844 nec
415 2793 575 2845 sententiam
592 2810 646 2845 nou
669 2799 783 2862 rogatus
805 2792 941 2856 tulissem,
966 2795 1018 2847 nisi
1032 2796 1103 2848 haec

8 2872 9 2877 Ἰ
73 2886 150 2955 prius
167 2885 271 2954 partim
289 2885 441 2953 conscripta
457 2885 628 2950 habuissem,
651 2885 706 2938 alio
723 2891 845 2952 tempore
863 2887 1029 2954 promenda3
1053 2888 1102 2941 sed

74 2995 156 3032 omne
174 2979 239 3043 hoc,
257 2977 386 3046 quidquid
402 2983 444 3031 est
460 2980 594 3031 bonarum
605 2978 755 3043 literarum,
776 2994 919 3031 commuue
932 2981 1034 3031 bonum
1052 2985 1101 3033 est.

74 3071 183 3136 Uteris,
206 3073 237 3122 ut
262 3071 374 3124 lubebit.
408 3072 514 3124 Eadem
537 3071 644 3138 plenius
667 3071 810 3124 elaborare
832 3077 858 3125 et
882 3071 1039 3139 exquisitius
1057 3088 1102 3123 or·

74 3181 143 3217 nare
160 3164 205 3217 Tu
230 3169 357 3233 poteras,
382 3165 458 3217 cuius
481 3163 630 3217 doctrinam
652 3163 857 3234 magnifacere
880 3166 965 3218 soleo.
1000 3165 1104 3234 Quodsi

75 3257 176 3327 dignas
202 3256 338 3309 censueris
354 3257 406 3310 bas
423 3257 516 3310 literas
533 3273 623 3322 meas,
647 3273 717 3324 quae
741 3257 867 3320 edantur,
890 3273 945 3310 noo
967 3258 1103 3312 nocituras
1216 3324 1218 3329 Ι

74 3366 155 3402 meae
173 3344 383 3414 existimationi,
399 3350 464 3410 ede,
480 3346 575 3402 πάντα
591 3345 752 3417 proripere,
778 3366 813 3402 ne
830 3350 974 3417 postremis
992 3351 1103 3418 quidem

74 3442 120 3494 lris
136 3440 264 3495 resectis:
283 3441 309 3492 in
328 3458 380 3507 quo
398 3442 548 3494 modestiae
563 3448 626 3495 tuac
640 3441 769 3494 damnum
783 3458 835 3510 ego
848 3441 1002 3508 praestabo.
1026 3442 1102 3494 Vale·

144 3558 250 3627 Scripsi
268 3560 355 3630 bugd.
374 3560 542 3614 Batavorum

195 3651 240 3703 die
258 3651 300 3705 13.
318 3653 388 3707 Nor.
406 3652 482 3706 1842.

144 3788 176 3839 lu
201 3787 298 3855 quibus
322 3789 407 3843 literis
430 3789 514 3842 facile
532 3788 644 3860 dignam
660 3786 864 3840 Valckcuaeriis
880 3785 1102 3854 Ruhnkeniisqne

74 3879 180 3951 ingenii
191 3880 279 3933 aciem
286 3897 435 3952 agnosces3
447 3890 505 3936 tam
514 3882 627 3953 egregie
635 3882 746 3933 Geclius
753 3880 878 3933 versusd.
886 3886 913 3932 et
921 3877 946 3931 4.
954 3878 1103 3948 fragmenti

74 3972 202 4026 restituit.
242 3974 332 4042 Quam
363 3976 560 4029 restitutionem
587 3975 688 4026 mirum
719 3956 849 4041 quantum
873 3972 1017 4023 coufirmat
1046 3972 1102 4023 Eu-

75 4067 160 4119 stath.
179 4067 215 4119 ad
233 4067 264 4119 ll.
283 4068 304 4120 l.
324 4086 351 4136 p.
369 4067 430 4120 125.
448 4067 508 4121 126.
527 4072 554 4121 et
570 4065 631 4131 797,
648 4063 690 4117 45.
712 4066 836 4136 [Fragm.
857 4066 962 4117 CCXX.
982 4081 1008 4116 n.
1026 4064 1100 4133 cd.]=

75 4158 128 4213 uel
147 4157 288 4225 Ἡσίοδος·
320 4158 411 4215 Φακέα
435 4160 518 4229 φίλον
538 4155 693 4231 μακάρεσσι
720 4159 828 4223 θεοῖσι,
859 4158 907 4211 ubi
930 4159 1102 4210 Hermannus
