<?xml version="1.0" encoding="UTF-8"?>
<!DOCTYPE html PUBLIC "-//W3C//DTD XHTML 1.0 Transitional//EN"
    "http://www.w3.org/TR/xhtml1/DTD/xhtml1-transitional.dtd">
<html xmlns="http://www.w3.org/1999/xhtml" xml:lang="en" lang="en">
 <head>
  <title>
</title>
<meta http-equiv="Content-Type" content="text/html;charset=utf-8" />
  <meta name='ocr-system' content='tesseract 3.04.00' />
  <meta name='ocr-capabilities' content='ocr_page ocr_carea ocr_par ocr_line ocrx_word'/>
</head>
<body>
  <div class='ocr_page' id='page_1' title='image "./carmina01goetgoog_0084.png"; bbox 0 0 2796 4878; ppageno 0'>
   <div class='ocr_carea' id='block_1_1' title="bbox 1035 360 1110 405">
    <p class='ocr_par' dir='ltr' id='par_1_1' title="bbox 1035 360 1110 405">
     <span class='ocr_line' id='line_1_1' title="bbox 1035 360 1110 405; baseline 0.027 -2"><span class='ocrx_word' id='word_1_1' title='bbox 1035 360 1110 405; x_wconf 77' lang='lat' dir='ltr'>uum</span> 
     </span>
    </p>
   </div>
   <div class='ocr_carea' id='block_1_2' title="bbox 24 493 1184 3701">
    <p class='ocr_par' dir='ltr' id='par_1_2' title="bbox 81 493 1184 1470">
     <span class='ocr_line' id='line_1_2' title="bbox 84 493 1113 564; baseline 0.01 -20"><span class='ocrx_word' id='word_1_2' title='bbox 84 495 188 559; x_wconf 75' lang='lat' dir='ltr'>buitur,</span> <span class='ocrx_word' id='word_1_3' title='bbox 200 508 271 560; x_wconf 82' lang='lat' dir='ltr'>quae</span> <span class='ocrx_word' id='word_1_4' title='bbox 279 510 362 560; x_wconf 88' lang='lat' dir='ltr'>quum</span> <span class='ocrx_word' id='word_1_5' title='bbox 369 493 482 563; x_wconf 81' lang='lat' dir='ltr'>Osphiei</span> <span class='ocrx_word' id='word_1_6' title='bbox 495 495 651 564; x_wconf 75' lang='lat' dir='ltr'>argument</span> <span class='ocrx_word' id='word_1_7' title='bbox 657 499 737 562; x_wconf 84' lang='lat' dir='ltr'>esset,</span> <span class='ocrx_word' id='word_1_8' title='bbox 750 494 820 550; x_wconf 85' lang='lat' dir='ltr'>nihil</span> <span class='ocrx_word' id='word_1_9' title='bbox 834 512 979 551; x_wconf 83' lang='lat' dir='ltr'>commuue</span> <span class='ocrx_word' id='word_1_10' title='bbox 990 498 1113 554; x_wconf 82' lang='lat' dir='ltr'>habebat</span> 
     </span>
     <span class='ocr_line' id='line_1_3' title="bbox 84 587 1112 658; baseline 0.005 -17"><span class='ocrx_word' id='word_1_11' title='bbox 84 605 149 641; x_wconf 80' lang='lat' dir='ltr'>cum</span> <span class='ocrx_word' id='word_1_12' title='bbox 180 590 342 656; x_wconf 65' lang='lat' dir='ltr'>armento</span> <span class='ocrx_word' id='word_1_13' title='bbox 370 587 489 654; x_wconf 80' lang='lat' dir='ltr'>degimii</span> <span class='ocrx_word' id='word_1_14' title='bbox 519 588 716 656; x_wconf 77' lang='lat' dir='ltr'>mythologice.</span> <span class='ocrx_word' id='word_1_15' title='bbox 756 589 953 658; x_wconf 67' lang='lat' dir='ltr'>Argumentum</span> <span class='ocrx_word' id='word_1_16' title='bbox 978 591 1112 646; x_wconf 79' lang='lat' dir='ltr'>indicasse</span> 
     </span>
     <span class='ocr_line' id='line_1_4' title="bbox 83 677 1112 748; baseline 0.003 -14"><span class='ocrx_word' id='word_1_17' title='bbox 83 681 197 734; x_wconf 77' lang='lat' dir='ltr'>uidetur</span> <span class='ocrx_word' id='word_1_18' title='bbox 211 680 352 732; x_wconf 73' lang='lat' dir='ltr'><strong>Plutarch.</strong></span> <span class='ocrx_word' id='word_1_19' title='bbox 370 680 454 731; x_wconf 85' lang='lat' dir='ltr'>Thes.</span> <span class='ocrx_word' id='word_1_20' title='bbox 472 677 515 732; x_wconf 75' lang='grc'>35.</span> <span class='ocrx_word' id='word_1_21' title='bbox 550 681 618 732; x_wconf 88' lang='lat' dir='ltr'>Cum</span> <span class='ocrx_word' id='word_1_22' title='bbox 637 679 692 731; x_wconf 88' lang='lat' dir='ltr'>boc</span> <span class='ocrx_word' id='word_1_23' title='bbox 709 685 800 732; x_wconf 84' lang='lat' dir='ltr'>autem</span> <span class='ocrx_word' id='word_1_24' title='bbox 822 680 847 732; x_wconf 91' lang='lat' dir='ltr'>si</span> <span class='ocrx_word' id='word_1_25' title='bbox 871 683 965 748; x_wconf 77' lang='lat' dir='ltr'>plura,</span> <span class='ocrx_word' id='word_1_26' title='bbox 988 688 1017 734; x_wconf 91' lang='lat' dir='ltr'>ut</span> <span class='ocrx_word' id='word_1_27' title='bbox 1033 684 1112 737; x_wconf 85' lang='lat' dir='ltr'>multi</span> 
     </span>
     <span class='ocr_line' id='line_1_5' title="bbox 83 769 1184 842; baseline 0.003 -18"><span class='ocrx_word' id='word_1_28' title='bbox 83 772 208 838; x_wconf 85' lang='lat' dir='ltr'>eredunt,</span> <span class='ocrx_word' id='word_1_29' title='bbox 227 771 368 824; x_wconf 88' lang='lat' dir='ltr'>coniuncta</span> <span class='ocrx_word' id='word_1_30' title='bbox 383 769 492 823; x_wconf 70' lang='lat' dir='ltr'>metunt</span> <span class='ocrx_word' id='word_1_31' title='bbox 516 770 587 835; x_wconf 87' lang='lat' dir='ltr'>ulia,</span> <span class='ocrx_word' id='word_1_32' title='bbox 612 771 696 824; x_wconf 83' lang='lat' dir='ltr'>etium</span> <span class='ocrx_word' id='word_1_33' title='bbox 719 772 753 824; x_wconf 89' lang='lat' dir='ltr'>de</span> <span class='ocrx_word' id='word_1_34' title='bbox 776 772 878 841; x_wconf 72' lang='lat' dir='ltr'>Aegle,</span> <span class='ocrx_word' id='word_1_35' title='bbox 902 779 1112 842; x_wconf 78' lang='lat' dir='ltr'>propterquam</span> <span class='ocrx_word' id='word_1_36' title='bbox 1179 803 1184 814; x_wconf 61' lang='grc' dir='ltr'><strong><em>ι</em></strong></span> 
     </span>
     <span class='ocr_line' id='line_1_6' title="bbox 82 862 1111 931; baseline 0.003 -15"><span class='ocrx_word' id='word_1_37' title='bbox 82 864 239 917; x_wconf 87' lang='lat' dir='ltr'>deseruisse</span> <span class='ocrx_word' id='word_1_38' title='bbox 254 863 402 917; x_wconf 73' lang='lat' dir='ltr'>Ariadnam</span> <span class='ocrx_word' id='word_1_39' title='bbox 419 863 544 914; x_wconf 76' lang='lat' dir='ltr'>Theseus</span> <span class='ocrx_word' id='word_1_40' title='bbox 561 862 718 927; x_wconf 85' lang='lat' dir='ltr'>dicebatur,</span> <span class='ocrx_word' id='word_1_41' title='bbox 742 863 776 916; x_wconf 89' lang='lat' dir='ltr'>de</span> <span class='ocrx_word' id='word_1_42' title='bbox 802 880 855 931; x_wconf 80' lang='lat' dir='ltr'>qua</span> <span class='ocrx_word' id='word_1_43' title='bbox 877 882 908 917; x_wconf 82' lang='lat' dir='ltr'>re</span> <span class='ocrx_word' id='word_1_44' title='bbox 927 867 1032 918; x_wconf 79' lang='lat' dir='ltr'>lien-eas</span> <span class='ocrx_word' id='word_1_45' title='bbox 1049 868 1111 919; x_wconf 88' lang='lat' dir='ltr'>Me-</span> 
     </span>
     <span class='ocr_line' id='line_1_7' title="bbox 81 955 1110 1025; baseline 0.004 -18"><span class='ocrx_word' id='word_1_46' title='bbox 81 956 210 1025; x_wconf 74' lang='lat' dir='ltr'>garensis</span> <span class='ocrx_word' id='word_1_47' title='bbox 217 960 380 1023; x_wconf 74' lang='lat' dir='ltr'><strong>exposuerat</strong></span> <span class='ocrx_word' id='word_1_48' title='bbox 388 955 515 1023; x_wconf 78' lang='lat' dir='ltr'>(Fragm.</span> <span class='ocrx_word' id='word_1_49' title='bbox 527 956 646 1022; x_wconf 66' lang='lat' dir='ltr'>culli),</span> <span class='ocrx_word' id='word_1_50' title='bbox 655 973 708 1008; x_wconf 88' lang='lat' dir='ltr'>non</span> <span class='ocrx_word' id='word_1_51' title='bbox 719 956 903 1023; x_wconf 71' lang='lat' dir='ltr'>improbabile</span> <span class='ocrx_word' id='word_1_52' title='bbox 910 957 1110 1011; x_wconf 80' lang='lat' dir='ltr'>videturetiam</span> 
     </span>
     <span class='ocr_line' id='line_1_8' title="bbox 81 1046 1112 1120; baseline 0.004 -20"><span class='ocrx_word' id='word_1_53' title='bbox 81 1050 147 1101; x_wconf 88' lang='lat' dir='ltr'>illes</span> <span class='ocrx_word' id='word_1_54' title='bbox 163 1065 276 1112; x_wconf 79' lang='lat' dir='ltr'>versus,</span> <span class='ocrx_word' id='word_1_55' title='bbox 301 1063 368 1114; x_wconf 86' lang='lat' dir='ltr'>quos</span> <span class='ocrx_word' id='word_1_56' title='bbox 392 1064 426 1099; x_wconf 85' lang='lat' dir='ltr'>ex</span> <span class='ocrx_word' id='word_1_57' title='bbox 443 1046 535 1099; x_wconf 84' lang='lat' dir='ltr'>neseio</span> <span class='ocrx_word' id='word_1_58' title='bbox 553 1064 606 1114; x_wconf 82' lang='lat' dir='ltr'>quo</span> <span class='ocrx_word' id='word_1_59' title='bbox 623 1053 704 1115; x_wconf 85' lang='lat' dir='ltr'>poeta</span> <span class='ocrx_word' id='word_1_60' title='bbox 725 1047 798 1100; x_wconf 85' lang='lat' dir='ltr'>idem</span> <span class='ocrx_word' id='word_1_61' title='bbox 815 1048 922 1102; x_wconf 84' lang='lat' dir='ltr'>Hereus</span> <span class='ocrx_word' id='word_1_62' title='bbox 939 1051 1112 1120; x_wconf 68' lang='lat' dir='ltr'>allegaverat</span> 
     </span>
     <span class='ocr_line' id='line_1_9' title="bbox 81 1138 368 1209; baseline -0.014 -15"><span class='ocrx_word' id='word_1_63' title='bbox 81 1141 172 1209; x_wconf 81' lang='lat' dir='ltr'>(Plut.</span> <span class='ocrx_word' id='word_1_64' title='bbox 189 1141 275 1192; x_wconf 75' lang='lat' dir='ltr'>&#39;l&#39;bes</span> <span class='ocrx_word' id='word_1_65' title='bbox 292 1138 368 1203; x_wconf 62' lang='lat' dir='ltr'>iffi:</span> 
     </span>
     <span class='ocr_line' id='line_1_10' title="bbox 256 1222 889 1304; baseline 0.006 -20"><span class='ocrx_word' id='word_1_66' title='bbox 256 1229 308 1286; x_wconf 73' lang='lat' dir='ltr'>cdv</span> <span class='ocrx_word' id='word_1_67' title='bbox 325 1222 468 1299; x_wconf 73' lang='lat' dir='ltr'>(Aleuas)</span> <span class='ocrx_word' id='word_1_68' title='bbox 485 1228 516 1286; x_wconf 70' lang='grc' dir='ltr'>ἐν</span> <span class='ocrx_word' id='word_1_69' title='bbox 533 1225 677 1301; x_wconf 69' lang='grc' dir='ltr'>εὕριμόςῳ</span> <span class='ocrx_word' id='word_1_70' title='bbox 694 1227 758 1286; x_wconf 71' lang='grc' dir='ltr'>κοτ’</span> <span class='ocrx_word' id='word_1_71' title='bbox 776 1232 889 1304; x_wconf 68' lang='grc' dir='ltr'>Ἀφίδνῃ</span> 
     </span>
     <span class='ocr_line' id='line_1_11' title="bbox 186 1320 872 1396; baseline 0.006 -18"><span class='ocrx_word' id='word_1_72' title='bbox 186 1321 380 1395; x_wconf 65' lang='grc' dir='ltr'><strong><em>Μαμιάμειιν</em></strong></span> <span class='ocrx_word' id='word_1_73' title='bbox 398 1321 507 1393; x_wconf 66' lang='lat' dir='ltr'>&amp;puelia</span> <span class='ocrx_word' id='word_1_74' title='bbox 520 1322 630 1393; x_wconf 68' lang='grc' dir='ltr'><strong><em>Ἑλένης</em></strong></span> <span class='ocrx_word' id='word_1_75' title='bbox 647 1320 715 1379; x_wconf 73' lang='grc' dir='ltr'><strong><em>ἕνεκ’</em></strong></span> <span class='ocrx_word' id='word_1_76' title='bbox 733 1324 872 1396; x_wconf 73' lang='grc' dir='ltr'>ἠϋκόμοιο</span> 
     </span>
     <span class='ocr_line' id='line_1_12' title="bbox 188 1419 296 1470; baseline -0.009 -1"><span class='ocrx_word' id='word_1_77' title='bbox 188 1419 296 1470; x_wconf 76' lang='lat' dir='ltr'>assises</span> 
     </span>
    </p>

    <p class='ocr_par' dir='ltr' id='par_1_3' title="bbox 78 1508 1110 1656">
     <span class='ocr_line' id='line_1_13' title="bbox 78 1508 1110 1581; baseline 0.003 -19"><span class='ocrx_word' id='word_1_78' title='bbox 78 1525 133 1578; x_wconf 86' lang='lat' dir='ltr'>pro</span> <span class='ocrx_word' id='word_1_79' title='bbox 149 1509 290 1562; x_wconf 85' lang='lat' dir='ltr'>Hesiodiis</span> <span class='ocrx_word' id='word_1_80' title='bbox 305 1508 448 1562; x_wconf 84' lang='lat' dir='ltr'>habendos</span> <span class='ocrx_word' id='word_1_81' title='bbox 462 1524 531 1561; x_wconf 74' lang='lat' dir='ltr'>me.</span> <span class='ocrx_word' id='word_1_82' title='bbox 548 1509 656 1562; x_wconf 70' lang='lat' dir='ltr'>Herem</span> <span class='ocrx_word' id='word_1_83' title='bbox 673 1510 709 1561; x_wconf 89' lang='lat' dir='ltr'>ab</span> <span class='ocrx_word' id='word_1_84' title='bbox 729 1512 822 1581; x_wconf 82' lang='lat' dir='ltr'>Etym.</span> <span class='ocrx_word' id='word_1_85' title='bbox 837 1512 878 1564; x_wconf 87' lang='grc' dir='ltr'>Μ.</span> <span class='ocrx_word' id='word_1_86' title='bbox 896 1529 925 1578; x_wconf 87' lang='lat' dir='ltr'>p·</span> <span class='ocrx_word' id='word_1_87' title='bbox 941 1508 1002 1563; x_wconf 74' lang='lat' dir='ltr'>stt.</span> <span class='ocrx_word' id='word_1_88' title='bbox 1019 1513 1110 1566; x_wconf 79' lang='lat' dir='ltr'>Heras</span> 
     </span>
     <span class='ocr_line' id='line_1_14' title="bbox 80 1601 275 1656; baseline -0.021 0"><span class='ocrx_word' id='word_1_89' title='bbox 80 1602 139 1656; x_wconf 87' lang='lat' dir='ltr'>dici</span> <span class='ocrx_word' id='word_1_90' title='bbox 156 1601 275 1654; x_wconf 82' lang='lat' dir='ltr'>videtur.</span> 
     </span>
    </p>

    <p class='ocr_par' dir='ltr' id='par_1_4' title="bbox 77 1691 1109 2136">
     <span class='ocr_line' id='line_1_15' title="bbox 151 1691 1109 1763; baseline 0.002 -17"><span class='ocrx_word' id='word_1_91' title='bbox 151 1696 194 1746; x_wconf 79' lang='lat' dir='ltr'>lle</span> <span class='ocrx_word' id='word_1_92' title='bbox 216 1692 375 1762; x_wconf 75' lang='lat' dir='ltr'>Aegimio</span> <span class='ocrx_word' id='word_1_93' title='bbox 399 1692 455 1746; x_wconf 82' lang='lat' dir='ltr'>dixi</span> <span class='ocrx_word' id='word_1_94' title='bbox 479 1709 506 1761; x_wconf 85' lang='lat' dir='ltr'>p·</span> <span class='ocrx_word' id='word_1_95' title='bbox 530 1691 591 1745; x_wconf 79' lang='lat'><strong>251.</strong></span> <span class='ocrx_word' id='word_1_96' title='bbox 633 1691 724 1745; x_wconf 87' lang='lat' dir='ltr'>Unum</span> <span class='ocrx_word' id='word_1_97' title='bbox 757 1693 856 1746; x_wconf 83' lang='lat' dir='ltr'>addere</span> <span class='ocrx_word' id='word_1_98' title='bbox 884 1692 967 1747; x_wconf 81' lang='lat' dir='ltr'>licoat</span> <span class='ocrx_word' id='word_1_99' title='bbox 998 1699 1109 1763; x_wconf 77' lang='lat' dir='ltr'>propter</span> 
     </span>
     <span class='ocr_line' id='line_1_16' title="bbox 79 1785 1108 1857; baseline -0.001 -15"><span class='ocrx_word' id='word_1_100' title='bbox 79 1788 240 1857; x_wconf 76' lang='lat' dir='ltr'>fragmenta</span> <span class='ocrx_word' id='word_1_101' title='bbox 256 1786 315 1837; x_wconf 89' lang='lat' dir='ltr'>vll.</span> <span class='ocrx_word' id='word_1_102' title='bbox 334 1790 361 1838; x_wconf 89' lang='lat' dir='ltr'>et</span> <span class='ocrx_word' id='word_1_103' title='bbox 377 1785 449 1837; x_wconf 86' lang='lat' dir='ltr'>Vlll.</span> <span class='ocrx_word' id='word_1_104' title='bbox 484 1786 515 1836; x_wconf 90' lang='lat' dir='ltr'>lu</span> <span class='ocrx_word' id='word_1_105' title='bbox 532 1786 586 1836; x_wconf 81' lang='lat' dir='ltr'>lloc</span> <span class='ocrx_word' id='word_1_106' title='bbox 603 1791 729 1852; x_wconf 85' lang='lat' dir='ltr'>poemate</span> <span class='ocrx_word' id='word_1_107' title='bbox 753 1800 906 1838; x_wconf 69' lang='lat' dir='ltr'>wrmonem</span> <span class='ocrx_word' id='word_1_108' title='bbox 922 1785 1006 1839; x_wconf 86' lang='lat' dir='ltr'>stiam</span> <span class='ocrx_word' id='word_1_109' title='bbox 1023 1786 1108 1841; x_wconf 84' lang='lat' dir='ltr'>fuisse</span> 
     </span>
     <span class='ocr_line' id='line_1_17' title="bbox 79 1877 1108 1947; baseline -0.003 -11"><span class='ocrx_word' id='word_1_110' title='bbox 79 1884 115 1936; x_wconf 87' lang='lat' dir='ltr'>de</span> <span class='ocrx_word' id='word_1_111' title='bbox 139 1879 314 1934; x_wconf 78' lang='lat' dir='ltr'>Baniensium</span> <span class='ocrx_word' id='word_1_112' title='bbox 339 1877 482 1946; x_wconf 82' lang='lat' dir='ltr'>republica</span> <span class='ocrx_word' id='word_1_113' title='bbox 503 1878 635 1945; x_wconf 81' lang='lat' dir='ltr'>novisque</span> <span class='ocrx_word' id='word_1_114' title='bbox 658 1877 685 1929; x_wconf 92' lang='lat' dir='ltr'>in</span> <span class='ocrx_word' id='word_1_115' title='bbox 710 1894 744 1929; x_wconf 86' lang='lat' dir='ltr'>sa</span> <span class='ocrx_word' id='word_1_116' title='bbox 768 1878 877 1947; x_wconf 78' lang='lat' dir='ltr'>legibus</span> <span class='ocrx_word' id='word_1_117' title='bbox 901 1879 965 1933; x_wconf 84' lang='lat' dir='ltr'>latis</span> <span class='ocrx_word' id='word_1_118' title='bbox 982 1880 1108 1934; x_wconf 79' lang='lat' dir='ltr'>concludi</span> 
     </span>
     <span class='ocr_line' id='line_1_18' title="bbox 78 1967 1108 2044; baseline 0 -18"><span class='ocrx_word' id='word_1_119' title='bbox 78 1980 171 2044; x_wconf 76' lang='lat' dir='ltr'>potest</span> <span class='ocrx_word' id='word_1_120' title='bbox 193 1991 226 2025; x_wconf 86' lang='lat' dir='ltr'>ex</span> <span class='ocrx_word' id='word_1_121' title='bbox 251 1971 361 2025; x_wconf 80' lang='lat' dir='ltr'>Piudar.</span> <span class='ocrx_word' id='word_1_122' title='bbox 378 1971 462 2039; x_wconf 78' lang='lat' dir='ltr'>Pyth.</span> <span class='ocrx_word' id='word_1_123' title='bbox 480 1971 502 2036; x_wconf 93' lang='lat' dir='ltr'>l,</span> <span class='ocrx_word' id='word_1_124' title='bbox 519 1969 587 2022; x_wconf 70' lang='lat'>12⁵:</span> <span class='ocrx_word' id='word_1_125' title='bbox 612 1969 669 2023; x_wconf 78' lang='lat' dir='ltr'>elai</span> <span class='ocrx_word' id='word_1_126' title='bbox 690 1967 786 2036; x_wconf 74' lang='grc' dir='ltr'><strong><em>μένειν</em></strong></span> <span class='ocrx_word' id='word_1_127' title='bbox 810 1973 956 2039; x_wconf 73' lang='grc' dir='ltr'><strong><em>τεθμοῖσιν</em></strong></span> <span class='ocrx_word' id='word_1_128' title='bbox 978 1969 1008 2025; x_wconf 74' lang='lat' dir='ltr'>is</span> <span class='ocrx_word' id='word_1_129' title='bbox 1035 1974 1108 2039; x_wconf 79' lang='grc' dir='ltr'><strong><em>Αἰμι-</em></strong></span> 
     </span>
     <span class='ocr_line' id='line_1_19' title="bbox 77 2062 1107 2136; baseline 0.003 -19"><span class='ocrx_word' id='word_1_130' title='bbox 77 2067 145 2136; x_wconf 74' lang='lat' dir='ltr'>pice</span> <span class='ocrx_word' id='word_1_131' title='bbox 156 2065 202 2131; x_wconf 84' lang='lat'>¹⁶)</span> <span class='ocrx_word' id='word_1_132' title='bbox 217 2065 345 2134; x_wconf 68' lang='grc' dir='ltr'>Δωρίοις.</span> <span class='ocrx_word' id='word_1_133' title='bbox 363 2062 766 2132; x_wconf 77' lang='lat' dir='ltr'>NequeHylliTimaudnaepue</span> <span class='ocrx_word' id='word_1_134' title='bbox 778 2063 878 2116; x_wconf 87' lang='lat' dir='ltr'>mentio</span> <span class='ocrx_word' id='word_1_135' title='bbox 888 2065 984 2117; x_wconf 86' lang='lat' dir='ltr'>abesse</span> <span class='ocrx_word' id='word_1_136' title='bbox 991 2071 1107 2133; x_wconf 82' lang='lat' dir='ltr'>poterut.</span> 
     </span>
    </p>

    <p class='ocr_par' dir='ltr' id='par_1_5' title="bbox 75 2151 1109 2689">
     <span class='ocr_line' id='line_1_20' title="bbox 149 2151 1108 2227; baseline 0 -16"><span class='ocrx_word' id='word_1_137' title='bbox 149 2159 268 2211; x_wconf 82' lang='lat' dir='ltr'><strong>Carmen</strong></span> <span class='ocrx_word' id='word_1_138' title='bbox 289 2153 355 2225; x_wconf 70' lang='grc' dir='ltr'>περὶ</span> <span class='ocrx_word' id='word_1_139' title='bbox 377 2151 486 2209; x_wconf 74' lang='grc' dir='ltr'><strong><em>Ἰδαίων</em></strong></span> <span class='ocrx_word' id='word_1_140' title='bbox 507 2152 666 2219; x_wconf 69' lang='grc' dir='ltr'><strong><em>δακτύλων,</em></strong></span> <span class='ocrx_word' id='word_1_141' title='bbox 691 2154 726 2205; x_wconf 89' lang='lat' dir='ltr'>de</span> <span class='ocrx_word' id='word_1_142' title='bbox 749 2171 802 2222; x_wconf 75' lang='lat' dir='ltr'>quo</span> <span class='ocrx_word' id='word_1_143' title='bbox 827 2155 890 2207; x_wconf 81' lang='lat' dir='ltr'>vide</span> <span class='ocrx_word' id='word_1_144' title='bbox 906 2157 1026 2209; x_wconf 77' lang='lat' dir='ltr'>Lobecl.</span> <span class='ocrx_word' id='word_1_145' title='bbox 1044 2158 1108 2227; x_wconf 73' lang='lat' dir='ltr'>agl.</span> 
     </span>
     <span class='ocr_line' id='line_1_21' title="bbox 77 2248 1109 2322; baseline -0.004 -17"><span class='ocrx_word' id='word_1_146' title='bbox 77 2271 104 2322; x_wconf 89' lang='lat' dir='ltr'>p.</span> <span class='ocrx_word' id='word_1_147' title='bbox 123 2250 215 2316; x_wconf 70' lang='lat' dir='ltr'>nuo,</span> <span class='ocrx_word' id='word_1_148' title='bbox 232 2255 266 2302; x_wconf 89' lang='lat' dir='ltr'>et·</span> <span class='ocrx_word' id='word_1_149' title='bbox 277 2248 464 2315; x_wconf 73' lang='lat' dir='ltr'>Malupuciloe</span> <span class='ocrx_word' id='word_1_150' title='bbox 482 2250 550 2315; x_wconf 88' lang='lat' dir='ltr'>(non</span> <span class='ocrx_word' id='word_1_151' title='bbox 566 2248 778 2315; x_wconf 66' lang='lat' dir='ltr'>Melampodi«,</span> <span class='ocrx_word' id='word_1_152' title='bbox 795 2252 826 2298; x_wconf 91' lang='lat' dir='ltr'>ut</span> <span class='ocrx_word' id='word_1_153' title='bbox 843 2248 946 2317; x_wconf 76' lang='lat' dir='ltr'>legitur</span> <span class='ocrx_word' id='word_1_154' title='bbox 961 2249 1036 2316; x_wconf 90' lang='lat' dir='ltr'>apud</span> <span class='ocrx_word' id='word_1_155' title='bbox 1051 2250 1109 2302; x_wconf 77' lang='lat' dir='ltr'>Fa-</span> 
     </span>
     <span class='ocr_line' id='line_1_22' title="bbox 76 2338 1108 2413; baseline -0.004 -16"><span class='ocrx_word' id='word_1_156' title='bbox 76 2342 198 2397; x_wconf 79' lang='lat' dir='ltr'>bricium</span> <span class='ocrx_word' id='word_1_157' title='bbox 215 2339 287 2393; x_wconf 88' lang='lat' dir='ltr'>Bibl.</span> <span class='ocrx_word' id='word_1_158' title='bbox 305 2340 353 2391; x_wconf 83' lang='lat' dir='ltr'>Gr.</span> <span class='ocrx_word' id='word_1_159' title='bbox 371 2339 393 2392; x_wconf 93' lang='lat' dir='ltr'>l.</span> <span class='ocrx_word' id='word_1_160' title='bbox 412 2356 438 2406; x_wconf 91' lang='lat' dir='ltr'>p.</span> <span class='ocrx_word' id='word_1_161' title='bbox 455 2338 529 2413; x_wconf 76' lang='grc'><strong>115.)</strong></span> <span class='ocrx_word' id='word_1_162' title='bbox 555 2340 592 2392; x_wconf 89' lang='lat' dir='ltr'>ad</span> <span class='ocrx_word' id='word_1_163' title='bbox 614 2339 688 2392; x_wconf 86' lang='lat' dir='ltr'>idem</span> <span class='ocrx_word' id='word_1_164' title='bbox 705 2340 922 2409; x_wconf 77' lang='lat' dir='ltr'>mythologicum</span> <span class='ocrx_word' id='word_1_165' title='bbox 941 2358 1027 2411; x_wconf 75' lang='lat' dir='ltr'>genus</span> <span class='ocrx_word' id='word_1_166' title='bbox 1044 2359 1108 2410; x_wconf 84' lang='lat' dir='ltr'>per-</span> 
     </span>
     <span class='ocr_line' id='line_1_23' title="bbox 75 2430 1107 2500; baseline -0.002 -13"><span class='ocrx_word' id='word_1_167' title='bbox 75 2437 166 2492; x_wconf 82' lang='lat' dir='ltr'>tinere</span> <span class='ocrx_word' id='word_1_168' title='bbox 183 2450 254 2486; x_wconf 88' lang='lat' dir='ltr'>nuuc</span> <span class='ocrx_word' id='word_1_169' title='bbox 271 2436 349 2500; x_wconf 88' lang='lat' dir='ltr'>puto:</span> <span class='ocrx_word' id='word_1_170' title='bbox 374 2430 410 2482; x_wconf 92' lang='lat' dir='ltr'>de</span> <span class='ocrx_word' id='word_1_171' title='bbox 426 2431 614 2498; x_wconf 82' lang='lat' dir='ltr'>Melampodia</span> <span class='ocrx_word' id='word_1_172' title='bbox 639 2431 712 2484; x_wconf 88' lang='lat' dir='ltr'>enim</span> <span class='ocrx_word' id='word_1_173' title='bbox 734 2438 808 2485; x_wconf 86' lang='lat' dir='ltr'>recte</span> <span class='ocrx_word' id='word_1_174' title='bbox 825 2432 982 2500; x_wconf 68' lang='lat' dir='ltr'>exposuisse</span> <span class='ocrx_word' id='word_1_175' title='bbox 1000 2435 1107 2487; x_wconf 80' lang='lat' dir='ltr'>videtur</span> 
     </span>
     <span class='ocr_line' id='line_1_24' title="bbox 75 2520 1108 2593; baseline 0.002 -16"><span class='ocrx_word' id='word_1_176' title='bbox 75 2524 337 2582; x_wconf 77' lang='lat' dir='ltr'>Marckscbeffelius</span> <span class='ocrx_word' id='word_1_177' title='bbox 350 2540 378 2590; x_wconf 90' lang='lat' dir='ltr'>p.</span> <span class='ocrx_word' id='word_1_178' title='bbox 395 2520 455 2574; x_wconf 77' lang='lat'><strong>169.</strong></span> <span class='ocrx_word' id='word_1_179' title='bbox 492 2523 620 2576; x_wconf 81' lang='lat' dir='ltr'>Ceterum</span> <span class='ocrx_word' id='word_1_180' title='bbox 636 2525 671 2575; x_wconf 90' lang='lat' dir='ltr'>de</span> <span class='ocrx_word' id='word_1_181' title='bbox 692 2525 789 2577; x_wconf 90' lang='lat' dir='ltr'>endem</span> <span class='ocrx_word' id='word_1_182' title='bbox 808 2524 985 2593; x_wconf 82' lang='lat' dir='ltr'>Melampode</span> <span class='ocrx_word' id='word_1_183' title='bbox 998 2526 1108 2580; x_wconf 80' lang='lat' dir='ltr'>fabulas</span> 
     </span>
     <span class='ocr_line' id='line_1_25' title="bbox 75 2615 1107 2689; baseline -0.001 -17"><span class='ocrx_word' id='word_1_184' title='bbox 75 2620 193 2689; x_wconf 72' lang='lat' dir='ltr'>collegit</span> <span class='ocrx_word' id='word_1_185' title='bbox 203 2617 407 2669; x_wconf 78' lang='lat' dir='ltr'>Eclermanuus&#39;</span> <span class='ocrx_word' id='word_1_186' title='bbox 418 2615 588 2683; x_wconf 83' lang='lat' dir='ltr'>(Melampus</span> <span class='ocrx_word' id='word_1_187' title='bbox 595 2617 651 2668; x_wconf 91' lang='lat' dir='ltr'>und</span> <span class='ocrx_word' id='word_1_188' title='bbox 664 2617 721 2668; x_wconf 89' lang='lat' dir='ltr'>sein</span> <span class='ocrx_word' id='word_1_189' title='bbox 728 2617 902 2669; x_wconf 82' lang='lat' dir='ltr'>Geschlecbt</span> <span class='ocrx_word' id='word_1_190' title='bbox 909 2618 1000 2671; x_wconf 82' lang='lat' dir='ltr'>Gnett.</span> <span class='ocrx_word' id='word_1_191' title='bbox 1006 2617 1107 2684; x_wconf 74' lang='grc'><strong>18411).</strong></span> 
     </span>
    </p>

    <p class='ocr_par' dir='ltr' id='par_1_6' title="bbox 24 2706 1110 3701">
     <span class='ocr_line' id='line_1_26' title="bbox 144 2706 1105 2777; baseline 0.002 -14"><span class='ocrx_word' id='word_1_192' title='bbox 144 2711 189 2763; x_wconf 78' lang='lat' dir='ltr'>Ad</span> <span class='ocrx_word' id='word_1_193' title='bbox 214 2706 381 2762; x_wconf 77' lang='lat' dir='ltr'>didacticum</span> <span class='ocrx_word' id='word_1_194' title='bbox 397 2723 479 2775; x_wconf 82' lang='lat' dir='ltr'>porro</span> <span class='ocrx_word' id='word_1_195' title='bbox 496 2724 583 2776; x_wconf 76' lang='lat' dir='ltr'>genas</span> <span class='ocrx_word' id='word_1_196' title='bbox 606 2708 673 2760; x_wconf 89' lang='lat' dir='ltr'>olim</span> <span class='ocrx_word' id='word_1_197' title='bbox 691 2708 747 2759; x_wconf 81' lang='lat' dir='ltr'>dini</span> <span class='ocrx_word' id='word_1_198' title='bbox 764 2708 898 2775; x_wconf 85' lang='lat' dir='ltr'>pertinere</span> <span class='ocrx_word' id='word_1_199' title='bbox 916 2708 968 2777; x_wconf 72' lang='grc' dir='ltr'>ἔπη</span> <span class='ocrx_word' id='word_1_200' title='bbox 985 2709 1105 2777; x_wconf 73' lang='lat' dir='ltr'>pertenui</span> 
     </span>
     <span class='ocr_line' id='line_1_27' title="bbox 75 2796 1107 2871; baseline -0.004 -13"><span class='ocrx_word' id='word_1_201' title='bbox 75 2809 102 2858; x_wconf 88' lang='lat' dir='ltr'>st</span> <span class='ocrx_word' id='word_1_202' title='bbox 120 2800 266 2871; x_wconf 72' lang='grc' dir='ltr'><strong><em>ἐξηγήσεις</em></strong></span> <span class='ocrx_word' id='word_1_203' title='bbox 282 2798 329 2854; x_wconf 70' lang='lat' dir='ltr'>un</span> <span class='ocrx_word' id='word_1_204' title='bbox 345 2796 470 2869; x_wconf 64' lang='lat' dir='ltr'>vipoun,</span> <span class='ocrx_word' id='word_1_205' title='bbox 494 2815 564 2866; x_wconf 82' lang='lat' dir='ltr'>quas</span> <span class='ocrx_word' id='word_1_206' title='bbox 581 2799 731 2851; x_wconf 85' lang='lat' dir='ltr'>Pausanias</span> <span class='ocrx_word' id='word_1_207' title='bbox 754 2815 970 2854; x_wconf 84' lang='lat' dir='ltr'>commemorare</span> <span class='ocrx_word' id='word_1_208' title='bbox 990 2804 1107 2856; x_wconf 81' lang='lat' dir='ltr'>videtur.</span> 
     </span>
     <span class='ocr_line' id='line_1_28' title="bbox 75 2891 1106 2959; baseline -0.006 -7"><span class='ocrx_word' id='word_1_209' title='bbox 75 2897 132 2952; x_wconf 72' lang='lat' dir='ltr'>sel</span> <span class='ocrx_word' id='word_1_210' title='bbox 157 2897 193 2948; x_wconf 82' lang='lat' dir='ltr'>de</span> <span class='ocrx_word' id='word_1_211' title='bbox 215 2892 293 2949; x_wconf 69' lang='lat' dir='ltr'>tuo</span> <span class='ocrx_word' id='word_1_212' title='bbox 316 2896 459 2959; x_wconf 71' lang='grc' dir='ltr'><strong><em>μαντικοῖς</em></strong></span> <span class='ocrx_word' id='word_1_213' title='bbox 483 2897 557 2944; x_wconf 74' lang='lat' dir='ltr'>mele</span> <span class='ocrx_word' id='word_1_214' title='bbox 581 2891 687 2944; x_wconf 87' lang='lat' dir='ltr'>monuit</span> <span class='ocrx_word' id='word_1_215' title='bbox 703 2891 959 2944; x_wconf 78' lang='lat' dir='ltr'>Marclscbclt&#39;elius</span> <span class='ocrx_word' id='word_1_216' title='bbox 975 2909 1029 2945; x_wconf 86' lang='lat' dir='ltr'>non</span> <span class='ocrx_word' id='word_1_217' title='bbox 1045 2911 1106 2947; x_wconf 88' lang='lat' dir='ltr'>esse</span> 
     </span>
     <span class='ocr_line' id='line_1_29' title="bbox 75 2983 1107 3052; baseline -0.002 -11"><span class='ocrx_word' id='word_1_218' title='bbox 75 2986 207 3041; x_wconf 82' lang='lat' dir='ltr'>habenda</span> <span class='ocrx_word' id='word_1_219' title='bbox 225 2985 252 3037; x_wconf 91' lang='lat' dir='ltr'>in</span> <span class='ocrx_word' id='word_1_220' title='bbox 265 2983 351 3037; x_wconf 89' lang='lat' dir='ltr'>titulis</span> <span class='ocrx_word' id='word_1_221' title='bbox 369 2983 519 3037; x_wconf 78' lang='lat' dir='ltr'>carminum</span> <span class='ocrx_word' id='word_1_222' title='bbox 535 2984 737 3046; x_wconf 80' lang='lat' dir='ltr'>Hesiodiorum,</span> <span class='ocrx_word' id='word_1_223' title='bbox 754 3001 837 3052; x_wconf 86' lang='lat' dir='ltr'>quum</span> <span class='ocrx_word' id='word_1_224' title='bbox 854 2985 941 3037; x_wconf 83' lang='lat' dir='ltr'>verba</span> <span class='ocrx_word' id='word_1_225' title='bbox 954 2985 1107 3039; x_wconf 72' lang='lat' dir='ltr'>Psenaniae</span> 
     </span>
     <span class='ocr_line' id='line_1_30' title="bbox 24 3074 1105 3144; baseline 0 -12"><span class='ocrx_word' id='word_1_226' title='bbox 24 3116 26 3121; x_wconf 90' lang='lat'>-</span> <span class='ocrx_word' id='word_1_227' title='bbox 75 3079 146 3132; x_wconf 80' lang='lat' dir='ltr'>m&#39;lsil</span> <span class='ocrx_word' id='word_1_228' title='bbox 163 3077 310 3130; x_wconf 81' lang='lat' dir='ltr'>videantur</span> <span class='ocrx_word' id='word_1_229' title='bbox 326 3074 505 3144; x_wconf 51' lang='lat' dir='ltr'>significares</span> <span class='ocrx_word' id='word_1_230' title='bbox 521 3091 603 3141; x_wconf 82' lang='lat' dir='ltr'>quam</span> <span class='ocrx_word' id='word_1_231' title='bbox 620 3078 722 3129; x_wconf 89' lang='lat' dir='ltr'>multos</span> <span class='ocrx_word' id='word_1_232' title='bbox 740 3092 799 3128; x_wconf 85' lang='lat' dir='ltr'>esse</span> <span class='ocrx_word' id='word_1_233' title='bbox 816 3076 844 3128; x_wconf 94' lang='lat' dir='ltr'>in</span> <span class='ocrx_word' id='word_1_234' title='bbox 862 3076 1031 3131; x_wconf 83' lang='lat' dir='ltr'>carminibus</span> <span class='ocrx_word' id='word_1_235' title='bbox 1046 3080 1105 3132; x_wconf 88' lang='lat' dir='ltr'>Hc·</span> 
     </span>
     <span class='ocr_line' id='line_1_31' title="bbox 74 3167 1105 3236; baseline 0.001 -11"><span class='ocrx_word' id='word_1_236' title='bbox 74 3170 172 3225; x_wconf 85' lang='lat' dir='ltr'>siodiis</span> <span class='ocrx_word' id='word_1_237' title='bbox 185 3167 353 3233; x_wconf 69' lang='lat' dir='ltr'>versiculos,</span> <span class='ocrx_word' id='word_1_238' title='bbox 370 3168 417 3236; x_wconf 83' lang='lat' dir='ltr'>qai</span> <span class='ocrx_word' id='word_1_239' title='bbox 433 3169 468 3220; x_wconf 88' lang='lat' dir='ltr'>de</span> <span class='ocrx_word' id='word_1_240' title='bbox 484 3167 622 3221; x_wconf 78' lang='lat' dir='ltr'>vaticiniis</span> <span class='ocrx_word' id='word_1_241' title='bbox 638 3172 738 3236; x_wconf 75' lang='lat' dir='ltr'>agant3</span> <span class='ocrx_word' id='word_1_242' title='bbox 760 3168 833 3220; x_wconf 85' lang='lat' dir='ltr'>idem</span> <span class='ocrx_word' id='word_1_243' title='bbox 850 3174 942 3222; x_wconf 75' lang='lat' dir='ltr'>tam</span> <span class='ocrx_word' id='word_1_244' title='bbox 959 3170 1105 3226; x_wconf 76' lang='lat' dir='ltr'>«licendum</span> 
     </span>
     <span class='ocr_line' id='line_1_32' title="bbox 75 3257 1110 3330; baseline -0.001 -12"><span class='ocrx_word' id='word_1_245' title='bbox 75 3269 136 3318; x_wconf 82' lang='lat' dir='ltr'>erat</span> <span class='ocrx_word' id='word_1_246' title='bbox 153 3264 189 3315; x_wconf 87' lang='lat' dir='ltr'>de</span> <span class='ocrx_word' id='word_1_247' title='bbox 208 3258 368 3330; x_wconf 71' lang='grc' dir='ltr'>ἐξηγήσεσιν</span> <span class='ocrx_word' id='word_1_248' title='bbox 390 3257 437 3314; x_wconf 67' lang='grc' dir='ltr'>ἐπὶ</span> <span class='ocrx_word' id='word_1_249' title='bbox 453 3260 573 3330; x_wconf 71' lang='grc' dir='ltr'>τέρασιν.</span> <span class='ocrx_word' id='word_1_250' title='bbox 608 3260 775 3312; x_wconf 79' lang='lat' dir='ltr'>Manendum</span> <span class='ocrx_word' id='word_1_251' title='bbox 792 3266 834 3313; x_wconf 83' lang='lat' dir='ltr'>est</span> <span class='ocrx_word' id='word_1_252' title='bbox 853 3261 926 3313; x_wconf 85' lang='lat' dir='ltr'>enim</span> <span class='ocrx_word' id='word_1_253' title='bbox 938 3263 1110 3327; x_wconf 71' lang='grc' dir='ltr'><strong><em>Ριιιιιιιιίιιιιι,</em></strong></span> 
     </span>
     <span class='ocr_line' id='line_1_33' title="bbox 73 3351 1105 3424; baseline -0.001 -15"><span class='ocrx_word' id='word_1_254' title='bbox 73 3357 248 3410; x_wconf 77' lang='lat' dir='ltr'>Herodotum</span> <span class='ocrx_word' id='word_1_255' title='bbox 265 3359 293 3407; x_wconf 85' lang='lat' dir='ltr'>et</span> <span class='ocrx_word' id='word_1_256' title='bbox 308 3355 461 3406; x_wconf 74' lang='lat' dir='ltr'>Homerum</span> <span class='ocrx_word' id='word_1_257' title='bbox 481 3352 633 3405; x_wconf 80' lang='lat' dir='ltr'>imitantem</span> <span class='ocrx_word' id='word_1_258' title='bbox 657 3351 687 3406; x_wconf 75' lang='lat' dir='ltr'>al</span> <span class='ocrx_word' id='word_1_259' title='bbox 710 3352 874 3421; x_wconf 73' lang='lat' dir='ltr'>partiendam</span> <span class='ocrx_word' id='word_1_260' title='bbox 898 3353 964 3422; x_wconf 87' lang='lat' dir='ltr'>(nisi</span> <span class='ocrx_word' id='word_1_261' title='bbox 981 3356 1105 3424; x_wconf 80' lang='lat' dir='ltr'>praefers</span> 
     </span>
     <span class='ocr_line' id='line_1_34' title="bbox 75 3444 1105 3513; baseline -0.003 -11"><span class='ocrx_word' id='word_1_262' title='bbox 75 3464 138 3502; x_wconf 85' lang='lat' dir='ltr'>cum</span> <span class='ocrx_word' id='word_1_263' title='bbox 164 3444 320 3499; x_wconf 79' lang='lat' dir='ltr'>novissimis</span> <span class='ocrx_word' id='word_1_264' title='bbox 343 3445 493 3499; x_wconf 72' lang='lat' dir='ltr'>editoribus</span> <span class='ocrx_word' id='word_1_265' title='bbox 513 3444 713 3513; x_wconf 81' lang='lat' dir='ltr'>supposititiam</span> <span class='ocrx_word' id='word_1_266' title='bbox 736 3445 841 3511; x_wconf 86' lang='lat' dir='ltr'>dicere)</span> <span class='ocrx_word' id='word_1_267' title='bbox 858 3447 983 3499; x_wconf 78' lang='lat' dir='ltr'>relativis</span> <span class='ocrx_word' id='word_1_268' title='bbox 998 3448 1038 3499; x_wconf 85' lang='lat' dir='ltr'>ita</span> <span class='ocrx_word' id='word_1_269' title='bbox 1054 3448 1105 3499; x_wconf 77' lang='lat' dir='ltr'>ad-</span> 
     </span>
     <span class='ocr_line' id='line_1_35' title="bbox 75 3535 1104 3611; baseline -0.003 -17"><span class='ocrx_word' id='word_1_270' title='bbox 75 3541 203 3611; x_wconf 74' lang='lat' dir='ltr'>iungere,</span> <span class='ocrx_word' id='word_1_271' title='bbox 228 3544 259 3592; x_wconf 86' lang='lat' dir='ltr'>ul</span> <span class='ocrx_word' id='word_1_272' title='bbox 282 3540 382 3591; x_wconf 74' lang='lat' dir='ltr'>horum</span> <span class='ocrx_word' id='word_1_273' title='bbox 399 3535 456 3588; x_wconf 78' lang='lat' dir='ltr'>vim</span> <span class='ocrx_word' id='word_1_274' title='bbox 472 3536 607 3599; x_wconf 81' lang='lat' dir='ltr'>intendal3</span> <span class='ocrx_word' id='word_1_275' title='bbox 635 3535 727 3594; x_wconf 75' lang='grc' dir='ltr'><strong><em>ὁπόσα</em></strong></span> <span class='ocrx_word' id='word_1_276' title='bbox 749 3555 779 3591; x_wconf 80' lang='grc' dir='ltr'>τε</span> <span class='ocrx_word' id='word_1_277' title='bbox 802 3541 865 3588; x_wconf 86' lang='lat' dir='ltr'>sunt</span> <span class='ocrx_word' id='word_1_278' title='bbox 889 3536 972 3605; x_wconf 75' lang='lat' dir='ltr'>igitur</span> <span class='ocrx_word' id='word_1_279' title='bbox 996 3554 1104 3603; x_wconf 87' lang='lat' dir='ltr'>quae·</span> 
     </span>
     <span class='ocr_line' id='line_1_36' title="bbox 75 3625 1104 3701; baseline -0.003 -15"><span class='ocrx_word' id='word_1_280' title='bbox 75 3649 228 3701; x_wconf 81' lang='lat' dir='ltr'>cunque,</span> <span class='ocrx_word' id='word_1_281' title='bbox 258 3647 346 3699; x_wconf 77' lang='lat' dir='ltr'>neque</span> <span class='ocrx_word' id='word_1_282' title='bbox 368 3628 399 3684; x_wconf 77' lang='lat' dir='ltr'>si</span> <span class='ocrx_word' id='word_1_283' title='bbox 416 3630 484 3684; x_wconf 87' lang='lat' dir='ltr'>illud</span> <span class='ocrx_word' id='word_1_284' title='bbox 501 3647 562 3699; x_wconf 80' lang='lat' dir='ltr'>cum</span> <span class='ocrx_word' id='word_1_285' title='bbox 585 3631 633 3685; x_wconf 74' lang='lat' dir='ltr'>nal</span> <span class='ocrx_word' id='word_1_286' title='bbox 650 3636 712 3683; x_wconf 86' lang='lat' dir='ltr'>ante</span> <span class='ocrx_word' id='word_1_287' title='bbox 729 3625 870 3697; x_wconf 64' lang='grc' dir='ltr'><strong><em>ἐξηγήσεις</em></strong></span> <span class='ocrx_word' id='word_1_288' title='bbox 887 3632 1104 3697; x_wconf 82' lang='lat' dir='ltr'>componendum</span> 
     </span>
    </p>
   </div>
   <div class='ocr_carea' id='block_1_3' title="bbox 77 3822 1104 4218">
    <p class='ocr_par' dir='ltr' id='par_1_7' title="bbox 77 3822 1104 4029">
     <span class='ocr_line' id='line_1_37' title="bbox 77 3822 1103 3895; baseline 0.001 -19"><span class='ocrx_word' id='word_1_289' title='bbox 77 3827 125 3895; x_wconf 81' lang='lat'>¹⁶)</span> <span class='ocrx_word' id='word_1_290' title='bbox 145 3827 244 3877; x_wconf 85' lang='lat' dir='ltr'>Mirum</span> <span class='ocrx_word' id='word_1_291' title='bbox 257 3834 296 3876; x_wconf 84' lang='lat' dir='ltr'>est</span> <span class='ocrx_word' id='word_1_292' title='bbox 312 3826 346 3875; x_wconf 86' lang='lat' dir='ltr'>de</span> <span class='ocrx_word' id='word_1_293' title='bbox 357 3833 466 3875; x_wconf 84' lang='lat' dir='ltr'>accentu</span> <span class='ocrx_word' id='word_1_294' title='bbox 481 3825 604 3876; x_wconf 82' lang='lat' dir='ltr'>vocabuli</span> <span class='ocrx_word' id='word_1_295' title='bbox 619 3823 741 3891; x_wconf 72' lang='grc' dir='ltr'>Αἰγίμιος</span> <span class='ocrx_word' id='word_1_296' title='bbox 754 3822 823 3874; x_wconf 88' lang='lat' dir='ltr'>nihil</span> <span class='ocrx_word' id='word_1_297' title='bbox 837 3823 907 3890; x_wconf 81' lang='lat' dir='ltr'>opud</span> <span class='ocrx_word' id='word_1_298' title='bbox 920 3827 1103 3889; x_wconf 78' lang='lat' dir='ltr'>grammaticos</span> 
     </span>
     <span class='ocr_line' id='line_1_38' title="bbox 144 3893 1104 3962; baseline -0.003 -16"><span class='ocrx_word' id='word_1_299' title='bbox 144 3894 264 3962; x_wconf 76' lang='lat' dir='ltr'>reperiri.</span> <span class='ocrx_word' id='word_1_300' title='bbox 302 3897 358 3959; x_wconf 80' lang='lat' dir='ltr'>Ego</span> <span class='ocrx_word' id='word_1_301' title='bbox 371 3894 437 3945; x_wconf 86' lang='lat' dir='ltr'>duos</span> <span class='ocrx_word' id='word_1_302' title='bbox 459 3894 532 3945; x_wconf 88' lang='lat' dir='ltr'>locos</span> <span class='ocrx_word' id='word_1_303' title='bbox 546 3894 651 3945; x_wconf 77' lang='lat' dir='ltr'>Pindari</span> <span class='ocrx_word' id='word_1_304' title='bbox 666 3893 760 3962; x_wconf 79' lang='lat' dir='ltr'>(Pyth.</span> <span class='ocrx_word' id='word_1_305' title='bbox 772 3895 794 3955; x_wconf 91' lang='lat' dir='ltr'>l,</span> <span class='ocrx_word' id='word_1_306' title='bbox 807 3893 849 3944; x_wconf 79' lang='lat'>64.</span> <span class='ocrx_word' id='word_1_307' title='bbox 870 3893 901 3949; x_wconf 81' lang='lat' dir='ltr'>V,</span> <span class='ocrx_word' id='word_1_308' title='bbox 916 3893 958 3946; x_wconf 72' lang='lat' dir='ltr'>lt.</span> <span class='ocrx_word' id='word_1_309' title='bbox 975 3894 1104 3958; x_wconf 81' lang='lat' dir='ltr'>Beeckh.)</span> 
     </span>
     <span class='ocr_line' id='line_1_39' title="bbox 145 3959 1104 4029; baseline 0.001 -16"><span class='ocrx_word' id='word_1_310' title='bbox 145 3973 175 4014; x_wconf 93' lang='lat' dir='ltr'>ut</span> <span class='ocrx_word' id='word_1_311' title='bbox 196 3961 391 4029; x_wconf 85' lang='lat' dir='ltr'>antiquissimos</span> <span class='ocrx_word' id='word_1_312' title='bbox 420 3963 534 4013; x_wconf 88' lang='lat' dir='ltr'>omnium</span> <span class='ocrx_word' id='word_1_313' title='bbox 556 3973 661 4013; x_wconf 84' lang='lat' dir='ltr'>secutus</span> <span class='ocrx_word' id='word_1_314' title='bbox 684 3962 711 4010; x_wconf 89' lang='lat' dir='ltr'>io</span> <span class='ocrx_word' id='word_1_315' title='bbox 731 3960 853 4011; x_wconf 85' lang='lat' dir='ltr'>doctrina</span> <span class='ocrx_word' id='word_1_316' title='bbox 880 3959 914 4009; x_wconf 84' lang='lat' dir='ltr'>de</span> <span class='ocrx_word' id='word_1_317' title='bbox 936 3972 1038 4011; x_wconf 86' lang='lat' dir='ltr'>accent.</span> <span class='ocrx_word' id='word_1_318' title='bbox 1056 3964 1104 4015; x_wconf 86' lang='lat' dir='ltr'>Gr.</span> 
     </span>
    </p>

    <p class='ocr_par' dir='ltr' id='par_1_8' title="bbox 82 4023 1104 4218">
     <span class='ocr_line' id='line_1_40' title="bbox 82 4023 1104 4098; baseline -0.003 -15"><span class='ocrx_word' id='word_1_319' title='bbox 82 4090 87 4097; x_wconf 44' lang='grc'><strong>,</strong></span> <span class='ocrx_word' id='word_1_320' title='bbox 145 4049 171 4098; x_wconf 88' lang='lat' dir='ltr'>p.</span> <span class='ocrx_word' id='word_1_321' title='bbox 190 4031 248 4082; x_wconf 74' lang='lat'><strong>172.</strong></span> <span class='ocrx_word' id='word_1_322' title='bbox 265 4030 319 4081; x_wconf 84' lang='lat' dir='ltr'>dixi</span> <span class='ocrx_word' id='word_1_323' title='bbox 330 4023 471 4093; x_wconf 70' lang='grc' dir='ltr'>ὀξυτόνως</span> <span class='ocrx_word' id='word_1_324' title='bbox 488 4030 710 4096; x_wconf 81' lang='lat' dir='ltr'>pronuntiandum</span> <span class='ocrx_word' id='word_1_325' title='bbox 729 4044 824 4079; x_wconf 85' lang='lat' dir='ltr'>nomen</span> <span class='ocrx_word' id='word_1_326' title='bbox 839 4044 911 4085; x_wconf 85' lang='lat' dir='ltr'>esse;</span> <span class='ocrx_word' id='word_1_327' title='bbox 931 4027 979 4079; x_wconf 83' lang='lat' dir='ltr'>sed</span> <span class='ocrx_word' id='word_1_328' title='bbox 994 4047 1104 4080; x_wconf 84' lang='lat' dir='ltr'>monen-</span> 
     </span>
     <span class='ocr_line' id='line_1_41' title="bbox 144 4095 1104 4169; baseline 0 -20"><span class='ocrx_word' id='word_1_329' title='bbox 144 4100 207 4150; x_wconf 85' lang='lat' dir='ltr'>dum</span> <span class='ocrx_word' id='word_1_330' title='bbox 222 4108 262 4149; x_wconf 83' lang='lat' dir='ltr'>est</span> <span class='ocrx_word' id='word_1_331' title='bbox 274 4099 302 4149; x_wconf 91' lang='lat' dir='ltr'>iu</span> <span class='ocrx_word' id='word_1_332' title='bbox 315 4100 431 4151; x_wconf 87' lang='lat' dir='ltr'>omnium</span> <span class='ocrx_word' id='word_1_333' title='bbox 448 4099 607 4167; x_wconf 83' lang='lat' dir='ltr'>scriptorum</span> <span class='ocrx_word' id='word_1_334' title='bbox 624 4096 730 4150; x_wconf 83' lang='lat' dir='ltr'>serioris</span> <span class='ocrx_word' id='word_1_335' title='bbox 747 4095 841 4147; x_wconf 77' lang='lat' dir='ltr'>aetatis</span> <span class='ocrx_word' id='word_1_336' title='bbox 854 4096 921 4149; x_wconf 71' lang='lat' dir='ltr'>loci·</span> <span class='ocrx_word' id='word_1_337' title='bbox 935 4114 1104 4169; x_wconf 76' lang='lat' dir='ltr'>proparoxy·</span> 
     </span>
     <span class='ocr_line' id='line_1_42' title="bbox 143 4176 309 4218; baseline 0.012 -2"><span class='ocrx_word' id='word_1_338' title='bbox 143 4176 226 4218; x_wconf 89' lang='lat' dir='ltr'>tonou</span> <span class='ocrx_word' id='word_1_339' title='bbox 244 4184 309 4218; x_wconf 83' lang='lat' dir='ltr'>csse.</span> 
     </span>
    </p>
   </div>
   <div class='ocr_carea' id='block_1_4' title="bbox 0 0 1402 4878">
    <p class='ocr_par' dir='ltr' id='par_1_9' title="bbox 0 0 1402 4878">
     <span class='ocr_line' id='line_1_43' title="bbox 0 0 1402 4878; baseline 0 2"><span class='ocrx_word' id='word_1_340' title='bbox 0 0 1402 4878; x_wconf 95' lang='lat' dir='ltr'> </span> 
     </span>
    </p>
   </div>
  </div>
 </body>
</html>
