2796 4878
1053 366 1113 410 llll

82 505 176 558 Bonas
200 506 315 574 negaret
338 503 453 557 Hesiodi
475 518 545 557 esee.
578 503 614 557 At
630 519 697 557 vcro
715 520 749 558 ex
765 505 814 573 lx,
831 503 876 570 81,
892 503 919 556 4.
943 507 1005 559 λοοο
1029 522 1114 575 snpra

83 597 224 664 adscripto
248 595 315 649 satis
337 602 413 665 patet
430 597 612 662 Pausaniam,
634 597 755 649 Boeotos
776 597 830 655 sibi
848 615 965 652 cooevos
981 605 1114 666 secutum,

11 748 13 761 Ι
77 685 168 757 Ἔργα
185 693 290 741 tantum
307 690 431 742 Hesiodo
449 690 635 757 adscripsisse,
653 697 744 743 cetera
755 692 847 744 omnia
863 694 1002 759 putavisse
1013 693 1114 760 spuria.

84 781 145 834 Nou
168 781 439 849 praetermittendum
465 788 507 835 est
532 787 624 835 sutem
648 799 699 834 nou
718 784 764 837 uni
781 784 925 851 eidemque
942 785 1047 836 auctori
1063 783 1114 836 tri-

84 868 211 926 buendos
235 878 351 941 quotuor
375 875 461 927 libros
485 891 560 940 csse,
584 890 667 941 quum
689 874 761 927 hoec
785 876 913 944 legantur
936 878 1009 943 apud
1025 877 1115 929 Scho-

84 965 198 1019 liastam
228 965 353 1033 Apollou.
377 966 469 1019 Rhod.
492 967 529 1032 ll,
553 965 620 1018 181:
648 966 836 1036 πεπηρῶσθαι
862 965 894 1021 dt
918 969 1003 1023 Φινέα
1027 968 1115 1037 φησίν

84 1050 217 1121 Ἡσίοδος
239 1055 270 1112 ἐν
290 1055 423 1126 μεγάλαις
438 1051 554 1123 Ἠοίαις,
573 1051 619 1110 ότι
639 1059 730 1130 Φρίξῳ
748 1057 800 1127 τὴν
819 1057 861 1127 [ἐς
878 1062 1023 1129 Σκυθίαν]
1044 1059 1115 1115 ὁδόν

85 1147 233 1220 ἐμήνυσεν.
268 1147 299 1204 ds
316 1148 396 1221 slepi
414 1146 438 1216 γ’
455 1144 599 1219 καταλόγῳ
619 1149 686 1217 [τῶν
704 1149 864 1219 καταλόγων
880 1152 936 1220 Ρ.],
949 1151 1046 1222 ἐπειδὴ
1063 1151 1117 1208 τόν

84 1240 197 1314 μακρόν
211 1239 311 1315 χρόνον
323 1242 374 1309 τῆς
387 1239 480 1309 ὄψεως
493 1238 667 1312 προέκρινεν.
685 1244 732 1298 Sic
746 1243 830 1296 etiam
841 1244 939 1297 Wolf
943 1245 998 1297 ius
1009 1247 1115 1299 iudica-

86 1337 128 1390 vit
138 1337 271 1406 Prolcgg.
287 1335 431 1403 pelori:
450 1333 589 1400 ‚,Itaquc”,
607 1332 701 1401 inquit,
719 1351 788 1399 „noc
803 1335 901 1387 ceteris
913 1335 1036 1403 reliquiis
1053 1339 1114 1390 Ho-

11 1408 13 1419 ¹
85 1427 200 1481 maricis
223 1445 273 1480 nec
295 1425 434 1481 Hesiodiis
459 1423 615 1490 defuerunt,
639 1432 670 1478 ut
691 1427 804 1494 opinor,
829 1428 1045 1493 desuescerent,
1069 1430 1116 1498 qui

87 1521 244 1590 singulares
259 1519 423 1588 rhapsodias
439 1521 628 1571 connecterent
643 1517 702 1570 sivo
720 1535 776 1583 eas,
794 1536 864 1586 qnos
881 1520 917 1573 ab
936 1521 1001 1589 ipsis
1020 1528 1115 1575 aucto·

87 1615 165 1668 ribus
182 1615 219 1667 ad
236 1615 351 1666 eandem
368 1613 489 1665 formem
506 1608 674 1676 compositae
693 1616 784 1677 erant,
809 1627 863 1663 uno
880 1613 1020 1665 volumine
1037 1631 1114 1669 com·

88 1709 278 1775 plecterentur,
294 1711 324 1759 ut
340 1702 515 1773 καταλόγους
531 1702 673 1770 γυναικάν
691 1707 719 1754 et
734 1695 829 1764 Ἠοίας
843 1701 989 1772 parcitus?

154 1801 267 1852 Δάλιον
283 1799 435 1866 rhapsodos
454 1798 538 1850 otium
554 1794 622 1848 illud
645 1794 761 1862 pertinet
778 1798 946 1865 negotium
957 1813 1010 1864 quo
1027 1797 1115 1850 exitus

88 1893 284 1962 Theogoniae‚
308 1909 388 1958 quem
405 1908 439 1942 ex
456 1889 561 1942 ratione
578 1889 765 1957 heroogoniae
784 1889 908 1942 Graecae
925 1890 1116 1957 imperfectum

88 1983 174 2037 fuisse
200 1983 402 2046 demonstravi,
425 1999 487 2034 cum
512 1982 557 2034 his
584 1980 749 2034 carminibus
766 1982 894 2053 Catalogi
920 1988 1116 2036 connecterent.

87 2075 242 2128 Verisimile
264 2079 305 2127 est
329 2074 402 2127 enim
425 2074 535 2126 ultimos
551 2068 733 2142 Thmgoniue
755 2091 851 2127 versus
868 2075 896 2128 in
912 2077 987 2129 hunc
1003 2075 1116 2129 modum

89 2185 153 2222 cum
172 2167 315 2238 catalogis
333 2169 502 2219 coniunctum
519 2166 622 2218 fuisse:

192 2261 257 2315 Νὖν
275 2259 306 2315 δὲ
323 2260 465 2328 γυναικοῖν
482 2259 572 2326 φῦλον
590 2256 710 2325 ἀείσατε,
731 2257 905 2314 καλλιέπειοιι

192 2354 310 2407 Μοῦσαι
327 2350 522 2420 Ὀλυμπιάδες,
540 2351 642 2420 κοῦραι
659 2346 728 2412 Διός
745 2346 894 2420 αίγιόγσιο,

187 2435 249 2506 ‘Hae
268 2441 345 2512 ἐμίγη
365 2439 496 2512 φιλότητι
513 2440 607 2514 πατὴρ
624 2438 739 2515 άνόράν
754 2461 785 2498 τε
803 2444 881 2498 θεάν
897 2432 937 2511 τι,

11 2600 12 2607 ,
187 2537 242 2605 Οἴη
261 2536 311 2605 ἔον
327 2534 432 2607 Νιόβη,

87 2631 187 2699 quibus
213 2635 309 2698 postca
333 2630 528 2699 adiungeretur
551 2623 569 2695 ἢ
594 2628 640 2695 οἴη
666 2627 799 2696 Ἀλκμήνη
821 2632 868 2682 vel
892 2629 982 2682 simile
999 2629 1064 2697 quid
1081 2631 1116 2683 de

88 2724 188 2776 ceteris
215 2723 349 2790 heroinis,
375 2723 605 2791 quemadmodum
627 2721 656 2773 id
679 2721 859 2773 indicavimus
885 2723 920 2773 ad
943 2724 1016 2774 Scut.
1041 2741 1069 2775 τ.
1088 2721 1115 2775 1.

85 2817 206 2871 Ultimos
231 2816 315 2886 igitur
333 2816 515 2886 Theogoniae
539 2806 787 2866 versiculos'recte
815 2814 1034 2881 comparabimus
1054 2831 1117 2867 cum

87 2910 213 2963 versibus
230 2909 304 2973 istis,
322 2926 390 2976 quos
406 2910 457 2961 sub
474 2908 559 2961 tinem
576 2906 670 2959 iliadis
684 2905 808 2984 inventos
826 2922 885 2958 esse
902 2906 1010 2975 scripsit
1026 2907 1115 2961 Solio·

11 2996 12 3011 ¹
86 3003 168 3057 liaste
185 3001 370 3054 Victoriacum
388 3000 461 3062 τινὲς
479 2999 652 3070 γράφουσιν·

183 3086 237 3155 Ὣς
255 3093 288 3148 σί
301 3089 325 3162 γ’
344 3090 488 3162 άμφίοπον
505 3084 755 3160 τάφον”Εκτοροο’
781 3079 853 3157 vittis
870 3087 896 3144 δ’
913 3086 1043 3159 Ἀμαζάν,

183 3182 282 3257 ’Ἄρηος
297 3186 429 3257 θυγάτηρ
445 3182 631 3256 μεγαλήτορος
649 3179 850 3252 α’νόροφόνοιο.

87 3280 305 3335 (lonnectebetur
316 3279 389 3331 enim
405 3278 548 3347 Aethiopis
559 3277 670 3330 Arctini.
689 3277 720 3327 V.
739 3276 960 3328 Loboclrium
977 3276 1115 3345 Aglaoph.

89 3391 115 3441 p.
130 3371 193 3424 417.
231 3372 274 3424 Cf.
289 3373 462 3424 Welclrer.
481 3373 557 3440 cycl.
576 3388 617 3438 ep.
635 3387 662 3437 p.
680 3365 742 3419 213.
776 3366 867 3421 Simili
884 3366 997 3420 mensitu
1014 3366 1120 3436 Epigo·
1160 3357 1161 3360 ¹

88 3482 135 3518 uos
159 3467 281 3518 adnexos
304 3464 390 3516 fuisse
412 3465 475 3517 aliis
499 3462 663 3517 carminibus
687 3460 777 3527 ipsum
796 3476 889 3511 eornm
907 3458 1012 3512 initium
1029 3459 1118 3525 docet,

90 3559 160 3624 quod
177 3560 319 3610 servatum
336 3561 378 3608 est
393 3558 429 3610 ab
447 3562 559 3611 auctore
575 3553 679 3625 Agonis
696 3570 723 3620 p.
742 3549 804 3617 324,
820 3550 854 3602 az

192 3650 258 3703 Νόν
275 3640 344 3703 αὖθ’
362 3645 520 3720 ὁπλοτέρων
537 3643 648 3718 άνόριόν
664 3640 826 3716 άργόμεθα,
845 3641 970 3695 Μοῦσαι.

91 3744 172 3797 'l'slia
191 3748 284 3796 eutem
302 3740 452 3809 composita
469 3757 529 3793 esse
546 3741 581 3792 ad
597 3735 712 3791 Homeri
729 3736 830 3788 verba:
850 3730 968 3788 Ἐσπετε
984 3733 1037 3788 νόν
1060 3751 1118 3802 μοι,

91 3836 207 3889 Μοόσαι
222 3830 361 3901 Ὀλύμπια
378 3829 484 3900 δώματ’
503 3830 623 3901 ἔχουσαι,
641 3830 704 3898 quid
722 3829 822 3882 mirum
840 3826 903 3881 esti

156 3927 285 3979 Ceterum
301 3927 353 3979 hos
371 3926 519 3996 Cetalogos
535 3926 701 3977 Lucanus
718 3928 766 3975 aut
782 3920 917 3976 transtulit
934 3921 981 3970 aut
995 3913 1119 3969 imitatus

93 4024 146 4073 est:
173 4019 324 4086 composuit
343 4019 415 4071 enim
434 4020 598 4087 (tetralogum
615 4015 775 4070 Heroidnm.
812 4011 1036 4067 Sosicretem
1052 4027 1120 4063 vero

91 4110 307 4181 Phanagoritum
320 4116 348 4164 et
363 4111 595 4165 Nicaenctum
608 4109 731 4163 Samium
747 4107 861 4175 perodio
871 4105 1019 4158 Hesiodios
1035 4104 1121 4156 libros

11 4244 13 4259 .
94 4204 281 4273 perstrinxisse
305 4209 333 4260 et
350 4221 383 4259 ox
406 4220 502 4258 eorum
519 4201 672 4258 carminum
695 4200 781 4258 titulis
798 4203 825 4255 et
842 4217 876 4253 ex
892 4198 1027 4254 Athenaei
1044 4214 1121 4251 com·
