2796 4878
298 378 336 424 tx

298 554 301 558 -
368 514 478 582 Accipio
501 514 599 582 τῇσιν,
630 513 702 579 qnod
718 516 748 565 tn
766 508 832 564 olim
856 509 963 563 edidisti
980 523 1031 577 pro
1054 507 1132 579 τῇσι,
1158 523 1323 575 quamquam

300 605 425 659 excidere
443 605 577 672 quaedam
595 609 738 672 potnerunt
756 608 818 655 ante
843 597 1016 669 φιλομειδής.
1051 601 1202 669 Τειρεσίαο]
1225 616 1324 670 προσι-

299 699 389 754 dorice
406 697 615 766 praeferendum
632 698 740 750 videtur
758 694 839 749 alteri
856 694 1028 765 προϊδοῦσα,
1056 694 1101 745 cni
1118 693 1262 746 tribuenda
1279 695 1324 745 vel

299 792 377 845 haud
401 790 467 843 antis
493 787 604 854 antiqua
622 792 742 853 potestas
760 787 989 854 providendi,
1012 801 1083 853 quae
1100 785 1145 837 his
1162 786 1255 838 verbis
1272 801 1324 837 non

299 882 434 947 convenit,
451 882 499 934 vel
515 898 530 932 e
548 880 743 947 longinquo
762 877 1022 946 prospiciendi,
1040 894 1092 929 non
1109 877 1200 946 magis
1217 876 1322 929 idoneo.

300 975 331 1028 ln
354 972 527 1044 προσιδοῦσα
550 971 675 1040 intelligo
698 971 906 1039 pulcritudinem
930 969 1013 1021 trium
1036 969 1151 1020 istarum
1177 969 1323 1038 virginum,

301 1082 383 1135 quam
409 1063 560 1131 adspiciens
582 1064 641 1114 Dea
659 1080 692 1115 eo
709 1063 800 1133 magis
817 1080 846 1115 sc
870 1065 1025 1131 neglectam
1043 1066 1102 1114 esse
1120 1063 1156 1114 ab
1177 1062 1324 1130 Tyndareo

301 1144 503 1228 indignabatur.

370 1252 527 1317 Sequuntur
555 1245 710 1315 turpissime
736 1251 876 1314 cormpta,
904 1248 937 1299 de
955 1264 1068 1314 quornm
1086 1253 1177 1299 tamen
1196 1248 1324 1299 emenda-

301 1345 374 1398 tione
393 1359 444 1394 non
464 1340 671 1407 desperandum,
688 1339 816 1406 qnoniam
834 1345 957 1391 tenemus
973 1339 1176 1409 Echemum,
1195 1341 1325 1392 latentem

301 1437 329 1489 in
347 1451 449 1503 εχετσν.
482 1433 584 1485 Totum
601 1430 787 1500 fragmentum
805 1448 858 1500 ego
874 1431 916 1482 sie
932 1430 1131 1483 constituerim:

606 1523 686 1594 τῇσιν
704 1519 736 1576 δὲ
755 1521 938 1591 φιλομμειδὴς
954 1520 1099 1592 Ἀφροδίτη

404 1611 518 1688 ἠγάσθη
536 1616 719 1686 προσιδοῦσα,
738 1611 827 1684 κακὴν
845 1612 875 1669 δι’
893 1607 939 1681 σφ’
959 1613 1058 1685 ἔμβαλε
1075 1611 1182 1685 φήμην.

407 1708 552 1780 Τιμάνδρη
568 1708 621 1776 μίν
636 1704 719 1761 ἔπειτ’
733 1702 850 1776 Ἔχεμον
867 1703 1031 1779 προλιποῦσ’
1049 1705 1184 1779 ἐβεβήκει,

406 1803 480 1856 ἵκετο
497 1795 522 1855 δ’
542 1801 581 1862 εἰς
600 1803 705 1870 dolie,
726 1803 807 1870 φίλον
825 1800 978 1873 μακάρεσσι
994 1804 1096 1856 θεοῖσι,

403 1892 455 1957 Ὣς
472 1891 504 1949 δὲ
521 1891 751 1962 Κλυταιμνήστρη
768 1890 932 1963 προλιποῦσ’
948 1892 1132 1963 Ἀγαμέμνονα
1149 1894 1213 1948 δίον

404 1987 528 2057 Αἰγίσθῳ
546 1982 697 2056 παρέλεκτο
715 1985 763 2040 καί
779 1986 866 2042 εἵλετο
883 1990 995 2059 χείρονα
1011 1987 1115 2056 κοίτην,

407 2076 456 2135 ὅδ’
472 2075 566 2145 Ἑλένη
583 2074 684 2150 ᾔσχυνε
702 2076 778 2147 λέχος
796 2082 906 2157 ξανθοῦ
925 2077 1082 2134 Μενελάου.

305 2190 309 2197 ·
372 2177 403 2227 ln
425 2170 568 2243 postremis
591 2176 736 2240 propterea
760 2168 809 2226 ὧδ’
832 2172 926 2242 Ἑλένη
948 2173 1053 2241 recipio
1078 2189 1127 2240 pro
1149 2173 1226 2241 vulg·
1246 2165 1327 2233 σδςδ

302 2266 405 2336 Ἑλένη,
416 2267 487 2333 quod
501 2261 533 2318 δέ
546 2263 573 2315 in
587 2257 624 2326 eir
632 2262 753 2319 dthur.
765 2267 910 2334 respondet
917 2266 1084 2335 praegressis
1094 2261 1240 2335 Τιμάνδρη
1250 2283 1270 2333 μ
1280 2262 1296 2318 ε’
1303 2283 1327 2319 ν.

302 2360 458 2416 Sententia:
475 2356 569 2408 sicut
586 2362 699 2409 autem
715 2358 1043 2428 Clytaemnestra—
1056 2360 1107 2411 ita
1120 2359 1260 2411 Helena
1273 2363 1326 2411 cet.

373 2453 500 2505 Ceteram
522 2448 655 2501 restitutio
678 2451 817 2503 nominum
839 2452 1022 2515 Timandram,
1046 2449 1164 2503 Echemi
1181 2456 1209 2503 et
1226 2449 1328 2521 Phylei

304 2545 397 2599 nititur
413 2544 504 2596 verbis
522 2540 658 2594 Eustathii
670 2544 706 2594 ad
723 2543 800 2596 lliad.
814 2546 845 2594 B.
862 2541 928 2593 616:
949 2542 1055 2605 Φυλεὺς
1071 2539 1131 2613 γάρ,
1150 2543 1246 2611 φασίν,
1264 2563 1328 2611 μοι·

303 2634 405 2706 gerione
430 2631 592 2704 Τιμάνδραν
616 2630 742 2702 ἀδελφὴν
762 2630 873 2702 Ἑλένης
896 2629 1040 2703 άπὴγαγεν
1065 2633 1093 2698 ἐς
1116 2632 1150 2691 τὸ
1168 2636 1328 2704 Δουλίχιον.

304 2730 358 2783 llic
376 2735 467 2780 autem
485 2727 623 2796 Phyleus,
645 2728 767 2780 Hesiodo
784 2727 871 2780 dictus
889 2729 969 2795 φίλος
985 2726 1140 2799 μακάρεσσι
1156 2732 1264 2793 θεοῖσι,
1294 2731 1329 2783 ab

304 2823 427 2874 Homero
453 2820 472 2870 l.
490 2821 508 2871 l.
527 2836 569 2870 vs.
596 2818 656 2872 628.
681 2827 794 2874 vocatur
816 2820 865 2875 Διί
890 2822 977 2890 φίλος.
1013 2822 1192 2875 Timandram
1216 2826 1329 2889 nuptam

304 2913 390 2965 fuisse
402 2914 535 2976 Echemo,
542 2911 678 2963 Arcadum
685 2914 755 2981 regi,
769 2913 835 2965 satis
848 2921 941 2967 notum
949 2921 1029 2968 estex
1038 2914 1252 2977 PausaniaVlll,
1260 2913 1287 2979 5,
1297 2913 1328 2965 1:

306 3006 436 3074 φαίνοιτο
455 3004 481 3057 δ’
498 2997 534 3056 dv
551 3006 591 3076 τῷ
608 3000 714 3075 δστέρῳ
730 3005 787 3058 τοῖν
805 3003 894 3070 λόγων
911 3006 958 3059 καί
979 3004 1126 3075 Τιμάνδρα
1138 3004 1330 3073 συνοικήσασα

304 3095 323 3166 ἡ
352 3095 504 3167 Τυνδάρεω
523 3097 563 3166 τῷ
588 3093 784 3151 ἀποκτείναντε
800 3091 907 3149 “ritae
926 3096 1037 3168 Ἐχέμῳ.
1072 3101 1114 3149 Ex
1141 3087 1218 3149 euius
1234 3100 1331 3153 verbis

306 3195 389 3254 recte,
406 3193 436 3241 ut
452 3206 541 3255 spero,
560 3189 661 3257 colligo
677 3190 769 3239 locum
785 3187 900 3239 Hesiodi
925 3189 1009 3241 fuisse
1027 3188 1130 3243 fontem
1148 3190 1225 3242 istius
1242 3193 1331 3246 tradi·

306 3282 401 3346 tionis,
423 3297 604 3348 quamquam
622 3279 759 3347 poetasic
781 3279 931 3349 retulisset,
955 3288 985 3334 ut
1008 3283 1141 3336 incertum
1163 3285 1332 3351 relinqueret

306 3378 447 3429 cuiusnam
464 3371 580 3424 Echemi
604 3370 673 3422 inter
696 3372 789 3438 plures
814 3372 936 3449 eiusdem
960 3376 1077 3429 nominis
1093 3378 1244 3430 Timandra
1261 3392 1331 3430 uxor

305 3468 409 3532 fnisset,
426 3483 496 3518 nunc
514 3461 676 3529 comparatis
701 3463 804 3515 duabus
827 3465 1032 3533 traditionibus,
1055 3477 1219 3539 receptaque
1237 3474 1331 3538 poste-

306 3562 388 3624 riore,
404 3557 555 3611 Pausanias
571 3555 655 3606 fuisse
673 3556 781 3608 conficit
797 3558 961 3626 Echemum,
977 3578 1073 3630 regem
1091 3562 1233 3631 Arcadiae,
1251 3562 1330 3632 Hylli

307 3651 517 3706 interfectorem.
558 3646 589 3699 Si
618 3647 691 3701 enim
719 3650 884 3704 Heraclidae
913 3654 1056 3706 rediissent
1078 3660 1209 3724 regnante
1232 3653 1330 3707 Oreste

307 3746 351 3811 (ut
375 3740 451 3808 prius
473 3746 633 3792 narraverat
650 3743 671 3806 l,
688 3740 732 3807 41,
748 3741 799 3809 2.),
824 3762 874 3796 non
899 3746 980 3798 huius
1003 3748 1119 3800 Echomi
1142 3745 1261 3814 potuisse
1279 3746 1330 3799 Ti-

308 3834 452 3888 mandram
469 3830 613 3900 coniugcm
631 3827 706 3899 esse,
729 3837 776 3888 sed
799 3838 912 3890 iunioris
934 3838 1074 3890 cuiusdam
1096 3839 1227 3904 Echerni,
1253 3838 1330 3892 cuiun

306 3933 399 3980 tamen
416 3921 495 3975 uxori
510 3926 638 3995 vetulae,
661 3927 760 3997 qnippe
778 3935 941 3982 materterae
959 3930 1071 3994 Orestis,
1093 3936 1197 3986 nullum
1220 3928 1329 4000 pericu·

308 4021 367 4071 lum
383 4016 482 4070 fuisset
498 4017 533 4068 ab
553 4021 679 4073 moecho.
714 4022 807 4088 Haec,
831 4022 883 4074 nisi
902 4021 997 4084 fallor,
1023 4029 1063 4076 est
1080 4026 1211 4079 sententia
1229 4026 1329 4078 verbo·

306 4127 370 4162 rum
388 4108 558 4175 Pausaniae,
583 4128 653 4178 quaa
670 4115 752 4181 paolo
770 4113 928 4169 obscuriora
951 4120 1028 4183 sunt,
1049 4119 1178 4187 necdum,
1201 4121 1329 4186 quantum

310 4204 432 4272 memini,
449 4203 593 4273 explicata.
