2722 4872
423 608 520 679 VIII.
572 609 634 679 lle
670 611 899 681 codicibus
932 611 1129 680 Hesiodi.

331 784 363 837 lu
386 783 441 836 hac
465 785 554 836 altera
570 784 684 837 Hesiodi
711 781 860 837 carminum
886 782 1004 837 editione
1021 783 1048 836 in
1072 781 1231 843 universum
1246 797 1286 834 se-

264 881 341 929 cutus
358 891 420 927 sum
438 890 485 928 eas
503 876 596 947 leges,
624 892 692 942 quas
709 874 736 926 in
754 874 1028 949 superiorepeditione
1045 874 1116 928 mihi
1132 875 1192 943 ipse
1210 889 1286 942 prae-

264 967 436 1036 scripseram.
477 968 596 1020 Textum
628 968 663 1019 ad
690 966 797 1020 codices
828 966 1039 1036 manuscriptos,
1072 984 1138 1036 quos
1163 972 1210 1019 aut
1232 966 1287 1033 ipse

263 1060 365 1113 contuli
382 1058 495 1113 autulii
513 1061 691 1125 contulerunt,
710 1059 746 1111 ita
765 1059 899 1123 constitui,
919 1065 948 1112 nt
965 1059 1163 1127 antiquissimos
1181 1058 1287 1126 quidem

263 1153 411 1220 praecipue
429 1168 567 1219 sequerer,
586 1152 633 1203 sed
652 1152 721 1203 alios
738 1150 829 1216 etiam,
847 1167 1000 1219 quanquam
1018 1152 1191 1217 recentiores,
1208 1151 1233 1202 si
1245 1166 1287 1202 ra-

263 1242 301 1296 tio
330 1244 477 1307 suadebat,
508 1243 535 1295 io
564 1243 632 1295 locis
661 1243 823 1310 quibusdam
852 1243 1030 1310 praeferrem.
1069 1243 1195 1308 Ineptum
1219 1239 1287 1292 enim

261 1334 360 1387 fuisset
397 1334 424 1387 in
450 1339 506 1387 tam
531 1333 647 1401 antiquis
671 1332 836 1386 carminibus
859 1351 942 1385 unum
966 1334 1085 1402 aliquem
1105 1332 1229 1384 codicem
1246 1332 1289 1382 vel

264 1432 353 1479 certas
378 1428 512 1494 quasdam
534 1425 658 1478 codicum
682 1424 803 1478 familias
826 1443 893 1493 quas
912 1426 1003 1479 dicunt
1020 1432 1148 1493 tanquam
1168 1421 1288 1474 clarissi-

261 1534 323 1570 mos
340 1518 535 1586 septentriones
552 1518 638 1585 sequi,
656 1520 801 1585 parvulam
818 1534 884 1570 vero
898 1533 1060 1586 cynosuram
1077 1531 1185 1584 prorsus
1199 1513 1289 1583 negli-

261 1626 338 1680 gere,
355 1609 383 1663 in
402 1628 454 1678 qua
471 1628 511 1677 re,
528 1628 682 1679 quanquam
703 1612 737 1663 ab
751 1610 867 1678 antiquis
881 1609 907 1661 in
919 1610 1008 1662 nautis
1026 1609 1202 1677 reprehensa,
1222 1623 1289 1658 nunc

261 1701 342 1755 multi
358 1701 411 1756 sibi
429 1702 542 1773 egregie
566 1705 682 1772 placent.
718 1704 780 1772 Quo
798 1720 864 1757 vero
882 1719 975 1754 cursus
993 1700 1062 1754 mihi
1084 1699 1231 1754 videbatur
1247 1698 1289 1751 di-

261 1793 390 1863 rigendus
409 1811 469 1846 esse
494 1794 522 1846 in
538 1795 653 1866 singulis
671 1795 852 1859 canninibus,
876 1794 988 1862 exposui
1005 1788 1190 1862 superioribus
1208 1808 1290 1861 para-

260 1884 385 1955 graphis.
421 1883 597 1939 Coniecturae
616 1887 732 1941 aliorum
751 1886 850 1940 admisi
866 1902 942 1953 raro,
962 1903 1038 1942 meas
1052 1886 1201 1943 rarissime.
1238 1887 1290 1937 Er-

261 1992 339 2028 rores
357 1976 392 2028 ab
411 1975 472 2028 aliis
492 1977 632 2045 indicatos,
650 1980 674 2032 si
692 1980 737 2047 qui
755 1981 874 2045 fuerunt,
892 1978 1007 2043 correxi,
1025 1978 1215 2046 imprimisque
1234 1993 1289 2041 eos,

260 2085 328 2136 quos
353 2067 385 2121 C.
410 2070 596 2137 Hermaeum,
627 2071 941 2145 grammaticorum
972 2072 1126 2147 equitum
1158 2069 1290 2122 doctis·

259 2160 370 2213 simus
387 2162 495 2230 (licebit
513 2162 586 2216 enim
602 2163 754 2217 Horatiano
774 2165 846 2218 dieto
866 2163 979 2217 candide
998 2164 1051 2231 uti)
1070 2162 1174 2215 notavit
1189 2162 1290 2229 Opusc.

259 2253 294 2307 Τ.
313 2254 357 2305 v1.
392 2256 481 2321 Quem
507 2273 560 2326 ego
583 2258 676 2309 vuum
700 2257 879 2310 fortissimum
895 2256 1081 2310 lubentissime
1098 2255 1174 2322 sequi
1192 2255 1291 2306 ducem
1358 2290 1359 2305 ι

261 2346 353 2411 soleo,
385 2347 487 2399 habent
518 2348 590 2399 euim
619 2349 677 2400 eius
704 2365 784 2402 arma
816 2351 869 2402 hoc
901 2366 962 2401 cum
991 2348 1075 2403 armis
1101 2347 1173 2400 illius
1196 2347 1290 2399 herois

261 2437 366 2505 antiqui
391 2455 548 2500 commune,
571 2443 600 2490 nt
624 2439 707 2492 etiam
724 2443 897 2508 medeantur,
925 2443 989 2496 dum
1014 2438 1147 2492 sauciant.
1184 2437 1291 2490 Nihilo·
1359 2446 1360 2453 ’

260 2528 350 2580 miuus
374 2534 467 2581 tamen
487 2528 546 2597 ipse
571 2547 624 2584 non
647 2533 808 2597 mirabitur,
842 2535 866 2585 si
887 2534 917 2589 in
941 2532 1033 2586 multis
1056 2530 1125 2583 locis
1148 2536 1289 2583 contuma-

260 2637 321 2672 cem
356 2625 438 2694 atque
465 2622 535 2674 adeo
567 2624 760 2679 refractarium
785 2626 899 2681 militem
923 2643 969 2679 me
991 2621 1140 2682 invenerit:
1177 2638 1292 2675 caecum

260 2711 332 2765 euim
350 2714 540 2782 obtemperare
559 2716 670 2769 liberali
686 2718 797 2773 homine
814 2719 964 2789 indignum.

331 2805 454 2872 Codices,
474 2808 572 2875 quibus
589 2826 653 2860 usus
671 2827 740 2874 sum,
758 2816 819 2868 sunt
836 2811 884 2862 hi:

327 2898 393 2963 vl,
410 2900 566 2953 Venetus
584 2901 625 2953 Cl.
643 2903 701 2966 lx,
719 2901 785 2956 Cod.
803 2903 848 2954 Vl.
866 2918 989 2972 pergam.
1007 2900 1065 2968 fol,
1084 2897 1190 2951 saeculi
1207 2898 1289 2966 xlv,

257 3006 311 3044 non
327 2991 394 3056 uu,
410 2996 441 3043 ut
456 2991 543 3047 vona
558 2992 702 3045 morenae
720 2995 791 3062 apua
809 2995 940 3048 monum
957 2994 1020 3046 esst.
1039 2993 1117 3046 snat.
1131 2988 1178 3044 ιιι.
1191 3009 1218 3059 p.
1228 2989 1290 3069 aaa.
1360 2975 1361 2980 ’

257 3079 382 3133 Continet
399 3082 611 3152 Theogoniam,
629 3086 756 3152 Scotum,
782 3085 875 3154 Opera
892 3103 955 3137 cum
971 3074 1092 3137 scholiis.
1127 3084 1290 3137 Translatus

257 3174 299 3222 est
323 3169 351 3221 in
372 3168 571 3226 bibliothecam
596 3176 768 3230 Marcionem
793 3195 826 3232 ex
850 3178 1018 3234 bibliotheca
1043 3177 1093 3230 SS.
1113 3176 1244 3228 lobannis
1263 3180 1290 3229 et

257 3261 347 3315 Pauli.
381 3262 489 3317 Contuli
510 3267 583 3319 hunc
606 3270 729 3324 codicem
753 3287 824 3325 anno
848 3269 925 3323 184⁰.
951 3271 985 3323 ad
1011 3272 1152 3338 exemplar
1174 3268 1291 3322 Hesiodi
1359 3300 1360 3303 =

259 3353 491 3409 Caisfordianum.
532 3356 654 3415 Maxime
677 3362 866 3417 memorabilis
892 3367 933 3416 est
961 3368 1073 3435 propter
1099 3357 1289 3434 γηρύσασθαι,

258 3446 332 3517 quod
349 3464 376 3498 v.
394 3445 437 3499 28.
457 3466 506 3516 pro
523 3448 712 3521 μυθήσασθαι
722 3454 845 3523 praebet.
1208 3454 1216 3463 ”

261 3532 263 3536 ’
326 3539 395 3607 Vh,
427 3541 671 3601 ueneramus.
686 3548 916 3601 MarriCndGr.
931 3544 1110 3600 CCCChlllV.
1126 3545 1288 3600 Armxcl.

256 3634 343 3684 chart.
357 3634 450 3684 bomb.
458 3622 545 3699 quart.
560 3637 1009 3707 ContinetScutum,Theogoniam
1018 3644 1044 3689 et
1051 3637 1149 3703 Opera.
1163 3636 1290 3706 Scriptus

255 3728 297 3776 est
311 3740 393 3775 mauu
404 3725 538 3778 Demetrii
545 3727 669 3780 Triclinii
679 3731 757 3795 annis
763 3727 954 3783 lala-132⁰.
971 3729 1003 3781 ln
1017 3729 1073 3780 fine
1087 3725 1159 3779 euim
1166 3726 1290 3794 Operum

254 3813 314 3883 ipse
321 3813 429 3883 scripsit
437 3816 507 3867 haec
516 3816 678 3871 Tricliuius:
694 3817 802 3889 ἐγράφη
810 3819 841 3873 τὸ
850 3819 943 3891 παρὸν
950 3822 1055 3892 βιβλίον
1064 3816 1112 3872 διὰ
1118 3817 1289 3891 χειρόςέμοῦ

256 3905 418 3976 Δημητρίου
436 3905 488 3959 cosi
508 3909 669 3976 quutrsloo
695 3907 843 3981 τελεωθὲν
868 3908 898 3963 ἐν
923 3910 991 3979 μηνὶ
1009 3905 1156 3984 csiyoriorqr
1173 3914 1288 3990 εἰκοστῇ

262 3996 363 4080 lr'ifflf
371 4011 451 4076 icccc
474 4002 595 4071 foi-sest*
609 4017 650 4073 dd
665 4019 748 4073 duem
764 4017 961 4090 Theogoniae:
982 4014 1131 4092 ἐτελειώθη
1142 4021 1175 4078 cd
1191 4023 1287 4098 stapris

254 4103 362 4174 βιβλίον
387 4106 435 4160 διὰ
463 4105 555 4178 zssobe
576 4108 684 4180 γραφὲν
711 4107 781 4180 ἐμοῦ
805 4113 967 4184 Δημητρίου
994 4115 1047 4170 rosi
1071 4115 1233 4188 Tqrstrvtou
1256 4115 1291 4172 ἐν’
