<?xml version="1.0" encoding="UTF-8"?>
<!DOCTYPE html PUBLIC "-//W3C//DTD XHTML 1.0 Transitional//EN"
    "http://www.w3.org/TR/xhtml1/DTD/xhtml1-transitional.dtd">
<html xmlns="http://www.w3.org/1999/xhtml" xml:lang="en" lang="en">
 <head>
  <title>
</title>
<meta http-equiv="Content-Type" content="text/html;charset=utf-8" />
  <meta name='ocr-system' content='tesseract 3.04.00' />
  <meta name='ocr-capabilities' content='ocr_page ocr_carea ocr_par ocr_line ocrx_word'/>
</head>
<body>
  <div class='ocr_page' id='page_1' title='image "./carmina01goetgoog_0042.png"; bbox 0 0 2796 4878; ppageno 0'>
   <div class='ocr_carea' id='block_1_1' title="bbox 1016 359 1095 406">
    <p class='ocr_par' dir='ltr' id='par_1_1' title="bbox 1016 359 1095 406">
     <span class='ocr_line' id='line_1_1' title="bbox 1016 359 1095 406; baseline 0.025 -2"><span class='ocrx_word' id='word_1_1' title='bbox 1016 359 1095 406; x_wconf 67' lang='lat' dir='ltr'>mv</span> 
     </span>
    </p>
   </div>
   <div class='ocr_carea' id='block_1_2' title="bbox 63 598 1094 809">
    <p class='ocr_par' dir='ltr' id='par_1_2' title="bbox 63 598 1094 809">
     <span class='ocr_line' id='line_1_2' title="bbox 63 598 1094 694; baseline 0.006 -23"><span class='ocrx_word' id='word_1_2' title='bbox 63 598 121 671; x_wconf 81' lang='lat' dir='ltr'>lv.</span> <span class='ocrx_word' id='word_1_3' title='bbox 175 601 237 670; x_wconf 83' lang='lat' dir='ltr'>De</span> <span class='ocrx_word' id='word_1_4' title='bbox 262 600 450 668; x_wconf 78' lang='lat' dir='ltr'>Hesiodi</span> <span class='ocrx_word' id='word_1_5' title='bbox 476 598 699 694; x_wconf 79' lang='lat' dir='ltr'>Operibus</span> <span class='ocrx_word' id='word_1_6' title='bbox 725 611 767 671; x_wconf 92' lang='lat' dir='ltr'>et</span> <span class='ocrx_word' id='word_1_7' title='bbox 787 601 950 674; x_wconf 84' lang='lat' dir='ltr'>Diebus</span> <span class='ocrx_word' id='word_1_8' title='bbox 977 606 1094 677; x_wconf 88' lang='lat' dir='ltr'>etde</span> 
     </span>
     <span class='ocr_line' id='line_1_3' title="bbox 199 727 858 809; baseline 0.005 -15"><span class='ocrx_word' id='word_1_9' title='bbox 199 805 201 809; x_wconf 85' lang='lat'>.</span> <span class='ocrx_word' id='word_1_10' title='bbox 298 727 603 795; x_wconf 80' lang='grc' dir='ltr'><em>ΜΕΓΑΛΟΙΣ</em></span> <span class='ocrx_word' id='word_1_11' title='bbox 632 728 858 797; x_wconf 83' lang='grc' dir='ltr'><strong>ΕΡΓΟΙΣ.</strong></span> 
     </span>
    </p>
   </div>
   <div class='ocr_carea' id='block_1_3' title="bbox 57 878 1139 2165">
    <p class='ocr_par' dir='ltr' id='par_1_3' title="bbox 57 878 1139 2165">
     <span class='ocr_line' id='line_1_4' title="bbox 128 878 1093 952; baseline 0.004 -18"><span class='ocrx_word' id='word_1_12' title='bbox 128 880 251 949; x_wconf 83' lang='lat' dir='ltr'>Opera</span> <span class='ocrx_word' id='word_1_13' title='bbox 274 878 389 934; x_wconf 84' lang='lat' dir='ltr'>Hesiodi</span> <span class='ocrx_word' id='word_1_14' title='bbox 412 880 549 934; x_wconf 87' lang='lat' dir='ltr'>continere</span> <span class='ocrx_word' id='word_1_15' title='bbox 573 880 761 949; x_wconf 86' lang='lat' dir='ltr'>antiquissima</span> <span class='ocrx_word' id='word_1_16' title='bbox 783 888 931 952; x_wconf 81' lang='lat' dir='ltr'>praecepte</span> <span class='ocrx_word' id='word_1_17' title='bbox 954 884 1093 952; x_wconf 77' lang='lat' dir='ltr'>practicae</span> 
     </span>
     <span class='ocr_line' id='line_1_5' title="bbox 63 972 1139 1046; baseline 0.004 -17"><span class='ocrx_word' id='word_1_18' title='bbox 63 975 232 1029; x_wconf 80' lang='lat' dir='ltr'>Graecorum</span> <span class='ocrx_word' id='word_1_19' title='bbox 257 972 451 1043; x_wconf 70' lang='lat' dir='ltr'>philosophiae</span> <span class='ocrx_word' id='word_1_20' title='bbox 477 990 557 1027; x_wconf 89' lang='lat' dir='ltr'>nemo</span> <span class='ocrx_word' id='word_1_21' title='bbox 578 973 663 1028; x_wconf 77' lang='lat' dir='ltr'>focile</span> <span class='ocrx_word' id='word_1_22' title='bbox 686 975 738 1029; x_wconf 87' lang='lat' dir='ltr'>erit</span> <span class='ocrx_word' id='word_1_23' title='bbox 763 977 809 1046; x_wconf 86' lang='lat' dir='ltr'>qui</span> <span class='ocrx_word' id='word_1_24' title='bbox 838 981 934 1046; x_wconf 77' lang='lat' dir='ltr'>neget,</span> <span class='ocrx_word' id='word_1_25' title='bbox 965 982 1092 1046; x_wconf 88' lang='lat' dir='ltr'>recteque</span> <span class='ocrx_word' id='word_1_26' title='bbox 1134 982 1139 996; x_wconf 53' lang='lat'>,</span> 
     </span>
     <span class='ocr_line' id='line_1_6' title="bbox 57 1061 1092 1141; baseline 0.001 -19"><span class='ocrx_word' id='word_1_27' title='bbox 57 1061 144 1141; x_wconf 70' lang='grc' dir='ltr'>Ἔργα</span> <span class='ocrx_word' id='word_1_28' title='bbox 176 1064 256 1120; x_wconf 85' lang='lat' dir='ltr'>initia</span> <span class='ocrx_word' id='word_1_29' title='bbox 287 1067 482 1136; x_wconf 75' lang='lat' dir='ltr'>philosophiae</span> <span class='ocrx_word' id='word_1_30' title='bbox 510 1069 652 1136; x_wconf 81' lang='lat' dir='ltr'>practicae</span> <span class='ocrx_word' id='word_1_31' title='bbox 682 1069 750 1123; x_wconf 79' lang='lat' dir='ltr'>dixit</span> <span class='ocrx_word' id='word_1_32' title='bbox 783 1070 946 1124; x_wconf 81' lang='lat' dir='ltr'>Friesins</span> <span class='ocrx_word' id='word_1_33' title='bbox 975 1071 1092 1139; x_wconf 86' lang='lat' dir='ltr'>(Hister.</span> 
     </span>
     <span class='ocr_line' id='line_1_7' title="bbox 62 1158 1094 1233; baseline 0.002 -17"><span class='ocrx_word' id='word_1_34' title='bbox 62 1160 168 1216; x_wconf 80' lang='lat' dir='ltr'>Philas.</span> <span class='ocrx_word' id='word_1_35' title='bbox 192 1161 214 1213; x_wconf 92' lang='lat' dir='ltr'>l.</span> <span class='ocrx_word' id='word_1_36' title='bbox 234 1178 263 1228; x_wconf 86' lang='lat' dir='ltr'>p.</span> <span class='ocrx_word' id='word_1_37' title='bbox 279 1158 348 1228; x_wconf 61' lang='grc'><strong>80).</strong></span> <span class='ocrx_word' id='word_1_38' title='bbox 385 1162 511 1214; x_wconf 84' lang='lat' dir='ltr'>Practiee</span> <span class='ocrx_word' id='word_1_39' title='bbox 534 1167 628 1214; x_wconf 88' lang='lat' dir='ltr'>autem</span> <span class='ocrx_word' id='word_1_40' title='bbox 649 1162 827 1231; x_wconf 86' lang='lat' dir='ltr'>philosophia</span> <span class='ocrx_word' id='word_1_41' title='bbox 849 1180 934 1232; x_wconf 83' lang='lat' dir='ltr'>quum</span> <span class='ocrx_word' id='word_1_42' title='bbox 957 1163 1094 1233; x_wconf 73' lang='lat' dir='ltr'>tripartite</span> 
     </span>
     <span class='ocr_line' id='line_1_8' title="bbox 62 1253 1092 1325; baseline 0.001 -16"><span class='ocrx_word' id='word_1_43' title='bbox 62 1255 96 1309; x_wconf 88' lang='lat' dir='ltr'>sit</span> <span class='ocrx_word' id='word_1_44' title='bbox 117 1255 266 1308; x_wconf 82' lang='lat' dir='ltr'>secuudum</span> <span class='ocrx_word' id='word_1_45' title='bbox 284 1253 453 1308; x_wconf 85' lang='lat' dir='ltr'>Graecorum</span> <span class='ocrx_word' id='word_1_46' title='bbox 478 1253 650 1324; x_wconf 76' lang='lat' dir='ltr'>disciplinam</span> <span class='ocrx_word' id='word_1_47' title='bbox 673 1257 938 1325; x_wconf 83' lang='lat' dir='ltr'>comprehendatque</span> <span class='ocrx_word' id='word_1_48' title='bbox 954 1257 1092 1324; x_wconf 82' lang='lat' dir='ltr'>Ethicam,</span> 
     </span>
     <span class='ocr_line' id='line_1_9' title="bbox 62 1347 1092 1428; baseline 0.002 -25"><span class='ocrx_word' id='word_1_49' title='bbox 62 1348 208 1428; x_wconf 77' lang='lat' dir='ltr'>Polltlcanr</span> <span class='ocrx_word' id='word_1_50' title='bbox 231 1350 258 1401; x_wconf 84' lang='lat' dir='ltr'>et</span> <span class='ocrx_word' id='word_1_51' title='bbox 275 1347 504 1415; x_wconf 81' lang='lat' dir='ltr'>oeconomicam,</span> <span class='ocrx_word' id='word_1_52' title='bbox 530 1366 580 1402; x_wconf 92' lang='lat' dir='ltr'>seu</span> <span class='ocrx_word' id='word_1_53' title='bbox 603 1355 751 1419; x_wconf 89' lang='lat' dir='ltr'>praccepta</span> <span class='ocrx_word' id='word_1_54' title='bbox 768 1350 801 1403; x_wconf 91' lang='lat' dir='ltr'>de</span> <span class='ocrx_word' id='word_1_55' title='bbox 817 1350 943 1419; x_wconf 89' lang='lat' dir='ltr'>homine,</span> <span class='ocrx_word' id='word_1_56' title='bbox 969 1351 1004 1404; x_wconf 91' lang='lat' dir='ltr'>de</span> <span class='ocrx_word' id='word_1_57' title='bbox 1021 1351 1092 1416; x_wconf 84' lang='lat' dir='ltr'>cive,</span> 
     </span>
     <span class='ocr_line' id='line_1_10' title="bbox 62 1439 1092 1513; baseline 0.003 -17"><span class='ocrx_word' id='word_1_58' title='bbox 62 1443 95 1497; x_wconf 86' lang='lat' dir='ltr'>de</span> <span class='ocrx_word' id='word_1_59' title='bbox 111 1439 323 1510; x_wconf 77' lang='lat' dir='ltr'>patrefamilias,</span> <span class='ocrx_word' id='word_1_60' title='bbox 341 1458 393 1493; x_wconf 90' lang='lat' dir='ltr'>non</span> <span class='ocrx_word' id='word_1_61' title='bbox 410 1440 564 1495; x_wconf 88' lang='lat' dir='ltr'>mirandum</span> <span class='ocrx_word' id='word_1_62' title='bbox 582 1447 622 1496; x_wconf 91' lang='lat' dir='ltr'>est</span> <span class='ocrx_word' id='word_1_63' title='bbox 638 1441 754 1510; x_wconf 74' lang='lat' dir='ltr'>triplicia</span> <span class='ocrx_word' id='word_1_64' title='bbox 770 1443 880 1513; x_wconf 78' lang='lat' dir='ltr'>generis</span> <span class='ocrx_word' id='word_1_65' title='bbox 898 1460 958 1497; x_wconf 87' lang='lat' dir='ltr'>csse</span> <span class='ocrx_word' id='word_1_66' title='bbox 975 1444 1092 1500; x_wconf 83' lang='lat' dir='ltr'>Hesiodi</span> 
     </span>
     <span class='ocr_line' id='line_1_11' title="bbox 61 1533 1091 1603; baseline 0.004 -16"><span class='ocrx_word' id='word_1_67' title='bbox 61 1535 100 1587; x_wconf 84' lang='lat' dir='ltr'>sic</span> <span class='ocrx_word' id='word_1_68' title='bbox 111 1533 178 1587; x_wconf 91' lang='lat' dir='ltr'>dicti</span> <span class='ocrx_word' id='word_1_69' title='bbox 196 1539 353 1603; x_wconf 80' lang='lat' dir='ltr'>praecepte.</span> <span class='ocrx_word' id='word_1_70' title='bbox 389 1535 660 1589; x_wconf 60' lang='lat' dir='ltr'>lucubrantem</span> <span class='ocrx_word' id='word_1_71' title='bbox 673 1539 734 1588; x_wconf 89' lang='lat' dir='ltr'>sunt</span> <span class='ocrx_word' id='word_1_72' title='bbox 745 1553 772 1589; x_wconf 83' lang='lat' dir='ltr'>v.</span> <span class='ocrx_word' id='word_1_73' title='bbox 787 1535 911 1589; x_wconf 79' lang='lat'>11-46.</span> <span class='ocrx_word' id='word_1_74' title='bbox 929 1536 1091 1591; x_wconf 73' lang='lat' dir='ltr'>tot-247.</span> 
     </span>
     <span class='ocr_line' id='line_1_12' title="bbox 61 1622 1090 1701; baseline 0.005 -22"><span class='ocrx_word' id='word_1_75' title='bbox 61 1624 111 1680; x_wconf 65' lang='lat' dir='ltr'>hil</span> <span class='ocrx_word' id='word_1_76' title='bbox 128 1655 162 1669; x_wconf 91' lang='lat'><em>-</em></span> <span class='ocrx_word' id='word_1_77' title='bbox 179 1624 240 1680; x_wconf 72' lang='lat'>382.</span> <span class='ocrx_word' id='word_1_78' title='bbox 257 1622 311 1679; x_wconf 68' lang='lat'>7⁰8</span> <span class='ocrx_word' id='word_1_79' title='bbox 330 1655 362 1665; x_wconf 98' lang='lat'>-</span> <span class='ocrx_word' id='word_1_80' title='bbox 378 1625 440 1680; x_wconf 77' lang='lat' dir='ltr'>tos.</span> <span class='ocrx_word' id='word_1_81' title='bbox 476 1628 512 1681; x_wconf 90' lang='lat' dir='ltr'>ll.</span> <span class='ocrx_word' id='word_1_82' title='bbox 532 1626 692 1682; x_wconf 85' lang='lat' dir='ltr'>Polltlca</span> <span class='ocrx_word' id='word_1_83' title='bbox 708 1629 882 1697; x_wconf 81' lang='lat' dir='ltr'>paucissima,</span> <span class='ocrx_word' id='word_1_84' title='bbox 895 1627 947 1682; x_wconf 76' lang='grc'>248</span> <span class='ocrx_word' id='word_1_85' title='bbox 965 1659 1001 1669; x_wconf 92' lang='grc'>-</span> <span class='ocrx_word' id='word_1_86' title='bbox 1016 1629 1090 1701; x_wconf 75' lang='lat' dir='ltr'>tta,</span> 
     </span>
     <span class='ocr_line' id='line_1_13' title="bbox 62 1718 1090 1794; baseline 0.003 -19"><span class='ocrx_word' id='word_1_87' title='bbox 62 1723 144 1791; x_wconf 77' lang='lat' dir='ltr'>longe</span> <span class='ocrx_word' id='word_1_88' title='bbox 160 1718 347 1773; x_wconf 80' lang='lat' dir='ltr'>numerosiora</span> <span class='ocrx_word' id='word_1_89' title='bbox 365 1720 415 1773; x_wconf 83' lang='grc' dir='ltr'>ΠΙ.</span> <span class='ocrx_word' id='word_1_90' title='bbox 433 1720 665 1774; x_wconf 89' lang='lat' dir='ltr'>oeconomica</span> <span class='ocrx_word' id='word_1_91' title='bbox 674 1761 683 1788; x_wconf 91' lang='lat'>,</span> <span class='ocrx_word' id='word_1_92' title='bbox 707 1736 823 1790; x_wconf 88' lang='lat' dir='ltr'>quorum</span> <span class='ocrx_word' id='word_1_93' title='bbox 835 1739 900 1790; x_wconf 90' lang='lat' dir='ltr'>pars</span> <span class='ocrx_word' id='word_1_94' title='bbox 912 1723 945 1775; x_wconf 87' lang='lat' dir='ltr'>de</span> <span class='ocrx_word' id='word_1_95' title='bbox 961 1723 1090 1794; x_wconf 83' lang='lat' dir='ltr'>eligenda</span> 
     </span>
     <span class='ocr_line' id='line_1_14' title="bbox 62 1811 1091 1886; baseline 0.002 -18"><span class='ocrx_word' id='word_1_96' title='bbox 62 1830 145 1868; x_wconf 85' lang='lat' dir='ltr'>uxore</span> <span class='ocrx_word' id='word_1_97' title='bbox 163 1815 224 1883; x_wconf 82' lang='lat' dir='ltr'>egit</span> <span class='ocrx_word' id='word_1_98' title='bbox 242 1811 445 1882; x_wconf 69' lang='lat' dir='ltr'>(otu—tou),</span> <span class='ocrx_word' id='word_1_99' title='bbox 472 1828 538 1882; x_wconf 89' lang='lat' dir='ltr'>pars</span> <span class='ocrx_word' id='word_1_100' title='bbox 561 1814 595 1866; x_wconf 90' lang='lat' dir='ltr'>de</span> <span class='ocrx_word' id='word_1_101' title='bbox 618 1813 766 1867; x_wconf 86' lang='lat' dir='ltr'>educandis</span> <span class='ocrx_word' id='word_1_102' title='bbox 781 1814 877 1868; x_wconf 86' lang='lat' dir='ltr'>liberis</span> <span class='ocrx_word' id='word_1_103' title='bbox 893 1812 1091 1886; x_wconf 70' lang='lat' dir='ltr'>(too-tet).</span> 
     </span>
     <span class='ocr_line' id='line_1_15' title="bbox 62 1892 1091 1978; baseline 0 -15"><span class='ocrx_word' id='word_1_104' title='bbox 62 1902 137 1963; x_wconf 78' lang='lat' dir='ltr'>llaec</span> <span class='ocrx_word' id='word_1_105' title='bbox 161 1904 254 1960; x_wconf 89' lang='lat' dir='ltr'>omnia</span> <span class='ocrx_word' id='word_1_106' title='bbox 278 1912 340 1961; x_wconf 82' lang='lat' dir='ltr'>sunl</span> <span class='ocrx_word' id='word_1_107' title='bbox 364 1909 476 1976; x_wconf 83' lang='lat' dir='ltr'>antique</span> <span class='ocrx_word' id='word_1_108' title='bbox 500 1892 649 1976; x_wconf 83' lang='lat' dir='ltr'>proverbia</span> <span class='ocrx_word' id='word_1_109' title='bbox 673 1908 847 1962; x_wconf 82' lang='lat' dir='ltr'>diversorum</span> <span class='ocrx_word' id='word_1_110' title='bbox 861 1914 1022 1978; x_wconf 82' lang='lat' dir='ltr'>temporum</span> <span class='ocrx_word' id='word_1_111' title='bbox 1039 1926 1091 1963; x_wconf 92' lang='lat' dir='ltr'>nee</span> 
     </span>
     <span class='ocr_line' id='line_1_16' title="bbox 61 2000 1091 2073; baseline 0.002 -18"><span class='ocrx_word' id='word_1_112' title='bbox 61 2000 150 2073; x_wconf 76' lang='lat' dir='ltr'>magis</span> <span class='ocrx_word' id='word_1_113' title='bbox 176 2001 253 2072; x_wconf 81' lang='lat' dir='ltr'>inter</span> <span class='ocrx_word' id='word_1_114' title='bbox 276 2016 307 2052; x_wconf 89' lang='lat' dir='ltr'>se</span> <span class='ocrx_word' id='word_1_115' title='bbox 338 2000 487 2055; x_wconf 85' lang='lat' dir='ltr'>cohaerent</span> <span class='ocrx_word' id='word_1_116' title='bbox 515 2000 641 2070; x_wconf 79' lang='lat' dir='ltr'>singula,</span> <span class='ocrx_word' id='word_1_117' title='bbox 668 2014 750 2068; x_wconf 88' lang='lat' dir='ltr'>quam</span> <span class='ocrx_word' id='word_1_118' title='bbox 773 2001 943 2072; x_wconf 79' lang='lat' dir='ltr'>Theognidis</span> <span class='ocrx_word' id='word_1_119' title='bbox 972 2019 1091 2072; x_wconf 73' lang='lat' dir='ltr'>gnomae</span> 
     </span>
     <span class='ocr_line' id='line_1_17' title="bbox 61 2090 1092 2165; baseline 0.001 -17"><span class='ocrx_word' id='word_1_120' title='bbox 61 2096 100 2165; x_wconf 83' lang='lat' dir='ltr'>(r.</span> <span class='ocrx_word' id='word_1_121' title='bbox 118 2092 225 2148; x_wconf 85' lang='lat' dir='ltr'>wolf.</span> <span class='ocrx_word' id='word_1_122' title='bbox 244 2090 376 2164; x_wconf 78' lang='lat' dir='ltr'>Prolegg.</span> <span class='ocrx_word' id='word_1_123' title='bbox 394 2110 421 2162; x_wconf 91' lang='lat' dir='ltr'>p.</span> <span class='ocrx_word' id='word_1_124' title='bbox 438 2092 515 2161; x_wconf 79' lang='lat' dir='ltr'>m.)</span> <span class='ocrx_word' id='word_1_125' title='bbox 532 2100 580 2146; x_wconf 89' lang='lat' dir='ltr'>ant</span> <span class='ocrx_word' id='word_1_126' title='bbox 597 2108 631 2147; x_wconf 88' lang='lat' dir='ltr'>ee</span> <span class='ocrx_word' id='word_1_127' title='bbox 649 2106 719 2161; x_wconf 85' lang='lat' dir='ltr'>quae</span> <span class='ocrx_word' id='word_1_128' title='bbox 734 2094 881 2164; x_wconf 78' lang='lat' dir='ltr'>Phocylidi</span> <span class='ocrx_word' id='word_1_129' title='bbox 902 2090 1092 2150; x_wconf 77' lang='lat' dir='ltr'>adscribuntur</span> 
     </span>
    </p>
   </div>
   <div class='ocr_carea' id='block_1_4' title="bbox 9 2170 1091 2267">
    <p class='ocr_par' dir='ltr' id='par_1_4' title="bbox 9 2170 1091 2267">
     <span class='ocr_line' id='line_1_18' title="bbox 9 2170 1091 2267; baseline 0 -25"><span class='ocrx_word' id='word_1_130' title='bbox 9 2170 10 2185; x_wconf 12' lang='grc' dir='ltr'><strong>Χ</strong></span> <span class='ocrx_word' id='word_1_131' title='bbox 61 2191 215 2258; x_wconf 72' lang='lat' dir='ltr'>praecepta·</span> <span class='ocrx_word' id='word_1_132' title='bbox 232 2190 259 2239; x_wconf 81' lang='lat' dir='ltr'>et</span> <span class='ocrx_word' id='word_1_133' title='bbox 282 2185 385 2240; x_wconf 89' lang='lat' dir='ltr'>similia</span> <span class='ocrx_word' id='word_1_134' title='bbox 410 2187 484 2254; x_wconf 88' lang='lat' dir='ltr'>apud</span> <span class='ocrx_word' id='word_1_135' title='bbox 507 2186 578 2267; x_wconf 64' lang='lat' dir='ltr'>alios</span> <span class='ocrx_word' id='word_1_136' title='bbox 600 2188 726 2255; x_wconf 89' lang='lat' dir='ltr'>populos.</span> <span class='ocrx_word' id='word_1_137' title='bbox 767 2186 918 2241; x_wconf 67' lang='lat' dir='ltr'>Proverbiis</span> <span class='ocrx_word' id='word_1_138' title='bbox 944 2188 1091 2258; x_wconf 88' lang='lat' dir='ltr'>popularia</span> 
     </span>
    </p>
   </div>
   <div class='ocr_carea' id='block_1_5' title="bbox 9 2440 11 2485">
    <p class='ocr_par' dir='ltr' id='par_1_5' title="bbox 9 2440 11 2485">
     <span class='ocr_line' id='line_1_19' title="bbox 9 2440 11 2485; baseline 0 0"><span class='ocrx_word' id='word_1_139' title='bbox 9 2440 11 2485; x_wconf 84' lang='lat' dir='ltr'>l</span> 
     </span>
    </p>
   </div>
   <div class='ocr_carea' id='block_1_6' title="bbox 61 2279 1114 2445">
    <p class='ocr_par' dir='ltr' id='par_1_6' title="bbox 61 2279 1114 2445">
     <span class='ocr_line' id='line_1_20' title="bbox 61 2279 1091 2350; baseline 0 -15"><span class='ocrx_word' id='word_1_140' title='bbox 61 2298 118 2335; x_wconf 88' lang='lat' dir='ltr'>esse</span> <span class='ocrx_word' id='word_1_141' title='bbox 129 2282 178 2334; x_wconf 80' lang='lat' dir='ltr'>rel</span> <span class='ocrx_word' id='word_1_142' title='bbox 192 2297 226 2332; x_wconf 80' lang='lat' dir='ltr'>ex</span> <span class='ocrx_word' id='word_1_143' title='bbox 238 2295 270 2332; x_wconf 90' lang='lat' dir='ltr'>eo</span> <span class='ocrx_word' id='word_1_144' title='bbox 282 2283 366 2348; x_wconf 91' lang='lat' dir='ltr'>patet,</span> <span class='ocrx_word' id='word_1_145' title='bbox 377 2280 448 2348; x_wconf 85' lang='lat' dir='ltr'>quod</span> <span class='ocrx_word' id='word_1_146' title='bbox 459 2279 595 2349; x_wconf 84' lang='lat' dir='ltr'>quaedam</span> <span class='ocrx_word' id='word_1_147' title='bbox 607 2285 669 2332; x_wconf 85' lang='lat' dir='ltr'>sunt</span> <span class='ocrx_word' id='word_1_148' title='bbox 680 2279 768 2332; x_wconf 88' lang='lat' dir='ltr'>minus</span> <span class='ocrx_word' id='word_1_149' title='bbox 779 2280 907 2335; x_wconf 83' lang='lat' dir='ltr'>liberalis</span> <span class='ocrx_word' id='word_1_150' title='bbox 921 2282 996 2350; x_wconf 79' lang='lat' dir='ltr'>(atr.</span> <span class='ocrx_word' id='word_1_151' title='bbox 1005 2280 1091 2350; x_wconf 74' lang='lat' dir='ltr'>m),</span> 
     </span>
     <span class='ocr_line' id='line_1_21' title="bbox 61 2370 1114 2445; baseline -0.005 -18"><span class='ocrx_word' id='word_1_152' title='bbox 61 2374 194 2443; x_wconf 74' lang='lat' dir='ltr'>quaedam</span> <span class='ocrx_word' id='word_1_153' title='bbox 215 2374 378 2441; x_wconf 80' lang='lat' dir='ltr'>popularem</span> <span class='ocrx_word' id='word_1_154' title='bbox 401 2372 506 2441; x_wconf 82' lang='lat' dir='ltr'>spirent</span> <span class='ocrx_word' id='word_1_155' title='bbox 521 2370 747 2442; x_wconf 77' lang='lat' dir='ltr'>supeistitlonem,</span> <span class='ocrx_word' id='word_1_156' title='bbox 764 2373 906 2445; x_wconf 82' lang='lat' dir='ltr'>indignam</span> <span class='ocrx_word' id='word_1_157' title='bbox 922 2380 1004 2444; x_wconf 81' lang='lat' dir='ltr'>poeta</span> <span class='ocrx_word' id='word_1_158' title='bbox 1018 2374 1091 2429; x_wconf 89' lang='lat' dir='ltr'>libe·</span> <span class='ocrx_word' id='word_1_159' title='bbox 1111 2417 1114 2422; x_wconf 91' lang='lat'><em>.</em></span> 
     </span>
    </p>
   </div>
   <div class='ocr_carea' id='block_1_7' title="bbox 10 2464 1089 2537">
    <p class='ocr_par' dir='ltr' id='par_1_7' title="bbox 10 2464 1089 2537">
     <span class='ocr_line' id='line_1_22' title="bbox 10 2464 1089 2537; baseline -0.003 -14"><span class='ocrx_word' id='word_1_160' title='bbox 10 2502 11 2537; x_wconf 70' lang='lat'>3</span> <span class='ocrx_word' id='word_1_161' title='bbox 62 2468 174 2537; x_wconf 56' lang='lat' dir='ltr'>satin).</span> <span class='ocrx_word' id='word_1_162' title='bbox 197 2531 200 2536; x_wconf 35' lang='grc'><strong>,</strong></span> <span class='ocrx_word' id='word_1_163' title='bbox 217 2468 304 2535; x_wconf 78' lang='lat' dir='ltr'>Atque</span> <span class='ocrx_word' id='word_1_164' title='bbox 322 2467 393 2520; x_wconf 85' lang='lat' dir='ltr'>haee</span> <span class='ocrx_word' id='word_1_165' title='bbox 410 2464 558 2535; x_wconf 83' lang='lat' dir='ltr'>proverbia</span> <span class='ocrx_word' id='word_1_166' title='bbox 580 2466 708 2520; x_wconf 82' lang='lat' dir='ltr'>videntur</span> <span class='ocrx_word' id='word_1_167' title='bbox 728 2466 877 2536; x_wconf 85' lang='lat' dir='ltr'>praecipue</span> <span class='ocrx_word' id='word_1_168' title='bbox 893 2466 992 2534; x_wconf 86' lang='lat' dir='ltr'>fuisse,</span> <span class='ocrx_word' id='word_1_169' title='bbox 1017 2480 1089 2535; x_wconf 85' lang='lat' dir='ltr'>quae</span> 
     </span>
    </p>
   </div>
   <div class='ocr_carea' id='block_1_8' title="bbox 10 2566 269 2581">
    <p class='ocr_par' dir='ltr' id='par_1_8' title="bbox 10 2566 269 2581">
     <span class='ocr_line' id='line_1_23' title="bbox 10 2566 269 2581; baseline -0.004 -1"><span class='ocrx_word' id='word_1_170' title='bbox 10 2566 11 2573; x_wconf 67' lang='lat'>¹</span> <span class='ocrx_word' id='word_1_171' title='bbox 67 2566 269 2581; x_wconf 53' lang='grc' dir='ltr'>Μ·-</span> 
     </span>
    </p>
   </div>
   <div class='ocr_carea' id='block_1_9' title="bbox 10 2608 1089 2681">
    <p class='ocr_par' dir='ltr' id='par_1_9' title="bbox 10 2608 1089 2681">
     <span class='ocr_line' id='line_1_24' title="bbox 10 2608 1089 2681; baseline 0.001 -19"><span class='ocrx_word' id='word_1_172' title='bbox 10 2622 11 2635; x_wconf 71' lang='grc'>’</span> <span class='ocrx_word' id='word_1_173' title='bbox 64 2612 111 2681; x_wconf 72' lang='lat'>¹³)</span> <span class='ocrx_word' id='word_1_174' title='bbox 128 2612 198 2675; x_wconf 82' lang='lat' dir='ltr'>Quin</span> <span class='ocrx_word' id='word_1_175' title='bbox 219 2609 365 2676; x_wconf 65' lang='lat' dir='ltr'>proverbia*</span> <span class='ocrx_word' id='word_1_176' title='bbox 379 2609 508 2676; x_wconf 85' lang='lat' dir='ltr'>quosdam</span> <span class='ocrx_word' id='word_1_177' title='bbox 526 2608 703 2676; x_wconf 77' lang='lat' dir='ltr'>inveniuntur,</span> <span class='ocrx_word' id='word_1_178' title='bbox 722 2628 789 2678; x_wconf 84' lang='lat' dir='ltr'>qnae</span> <span class='ocrx_word' id='word_1_179' title='bbox 804 2612 963 2663; x_wconf 82' lang='lat' dir='ltr'>contrariam</span> <span class='ocrx_word' id='word_1_180' title='bbox 976 2610 1089 2663; x_wconf 80' lang='lat' dir='ltr'>eliorum</span> 
     </span>
    </p>
   </div>
   <div class='ocr_carea' id='block_1_10' title="bbox 10 2766 12 2847">
    <p class='ocr_par' dir='ltr' id='par_1_10' title="bbox 10 2748 12 2847">
     <span class='ocr_line' id='line_1_25' title="bbox 10 2766 12 2847; baseline 0 -26"><span class='ocrx_word' id='word_1_181' title='bbox 10 2766 12 2847; x_wconf 63' lang='lat' dir='ltr'>t</span> 
     </span>
    </p>
   </div>
   <div class='ocr_carea' id='block_1_11' title="bbox 125 2678 1098 3021">
    <p class='ocr_par' dir='ltr' id='par_1_11' title="bbox 125 2678 1098 3021">
     <span class='ocr_line' id='line_1_26' title="bbox 126 2678 1085 2749; baseline -0.001 -18"><span class='ocrx_word' id='word_1_182' title='bbox 126 2679 328 2749; x_wconf 85' lang='lat' dir='ltr'>proverbiorum</span> <span class='ocrx_word' id='word_1_183' title='bbox 345 2678 501 2728; x_wconf 82' lang='lat' dir='ltr'>sententiam</span> <span class='ocrx_word' id='word_1_184' title='bbox 518 2679 663 2745; x_wconf 85' lang='lat' dir='ltr'>continent,</span> <span class='ocrx_word' id='word_1_185' title='bbox 682 2680 710 2728; x_wconf 92' lang='lat' dir='ltr'>in</span> <span class='ocrx_word' id='word_1_186' title='bbox 727 2681 822 2745; x_wconf 80' lang='lat' dir='ltr'>quibua</span> <span class='ocrx_word' id='word_1_187' title='bbox 835 2681 979 2747; x_wconf 85' lang='lat' dir='ltr'>praecipue</span> <span class='ocrx_word' id='word_1_188' title='bbox 991 2678 1085 2730; x_wconf 88' lang='lat' dir='ltr'>haberi</span> 
     </span>
     <span class='ocr_line' id='line_1_27' title="bbox 125 2746 1089 2819; baseline -0.003 -19"><span class='ocrx_word' id='word_1_189' title='bbox 125 2766 205 2819; x_wconf 84' lang='lat' dir='ltr'>posse</span> <span class='ocrx_word' id='word_1_190' title='bbox 216 2765 242 2798; x_wconf 78' lang='lat' dir='ltr'>v.</span> <span class='ocrx_word' id='word_1_191' title='bbox 251 2747 309 2799; x_wconf 74' lang='lat'>378.</span> <span class='ocrx_word' id='word_1_192' title='bbox 322 2746 374 2796; x_wconf 79' lang='lat' dir='ltr'>diri</span> <span class='ocrx_word' id='word_1_193' title='bbox 388 2764 416 2813; x_wconf 91' lang='lat' dir='ltr'>p.</span> <span class='ocrx_word' id='word_1_194' title='bbox 428 2747 494 2798; x_wconf 65' lang='grc'><strong>000.</strong></span> <span class='ocrx_word' id='word_1_195' title='bbox 508 2746 611 2813; x_wconf 84' lang='lat' dir='ltr'>Deque</span> <span class='ocrx_word' id='word_1_196' title='bbox 626 2763 702 2796; x_wconf 88' lang='lat' dir='ltr'>versu</span> <span class='ocrx_word' id='word_1_197' title='bbox 716 2748 749 2796; x_wconf 84' lang='lat' dir='ltr'>G.</span> <span class='ocrx_word' id='word_1_198' title='bbox 770 2747 980 2799; x_wconf 75' lang='lat' dir='ltr'>Hermann‘ns</span> <span class='ocrx_word' id='word_1_199' title='bbox 998 2749 1089 2812; x_wconf 89' lang='lat' dir='ltr'>(Zeit-</span> 
     </span>
     <span class='ocr_line' id='line_1_28' title="bbox 125 2813 1089 2883; baseline -0.005 -13"><span class='ocrx_word' id='word_1_200' title='bbox 125 2818 223 2870; x_wconf 79' lang='lat' dir='ltr'>schrift</span> <span class='ocrx_word' id='word_1_201' title='bbox 242 2818 285 2866; x_wconf 73' lang='lat' dir='ltr'>tur</span> <span class='ocrx_word' id='word_1_202' title='bbox 312 2815 507 2866; x_wconf 76' lang='lat' dir='ltr'>atterrhumsw.</span> <span class='ocrx_word' id='word_1_203' title='bbox 529 2813 601 2867; x_wconf 78' lang='lat' dir='ltr'>tuso.</span> <span class='ocrx_word' id='word_1_204' title='bbox 626 2834 652 2882; x_wconf 87' lang='lat' dir='ltr'>p.</span> <span class='ocrx_word' id='word_1_205' title='bbox 670 2814 747 2883; x_wconf 69' lang='lat'>532.)</span> <span class='ocrx_word' id='word_1_206' title='bbox 768 2816 816 2871; x_wconf 86' lang='lat' dir='ltr'>ita:</span> <span class='ocrx_word' id='word_1_207' title='bbox 841 2817 967 2882; x_wconf 86' lang='lat' dir='ltr'>„Tertius</span> <span class='ocrx_word' id='word_1_208' title='bbox 991 2815 1089 2865; x_wconf 86' lang='lat' dir='ltr'>horum</span> 
     </span>
     <span class='ocr_line' id='line_1_29' title="bbox 125 2884 1098 2952; baseline -0.002 -14"><span class='ocrx_word' id='word_1_209' title='bbox 125 2903 250 2939; x_wconf 80' lang='lat' dir='ltr'>uersuum</span> <span class='ocrx_word' id='word_1_210' title='bbox 264 2901 343 2951; x_wconf 88' lang='lat' dir='ltr'>quum</span> <span class='ocrx_word' id='word_1_211' title='bbox 360 2900 476 2951; x_wconf 76' lang='lat' dir='ltr'>pugnero</span> <span class='ocrx_word' id='word_1_212' title='bbox 495 2900 553 2934; x_wconf 88' lang='lat' dir='ltr'>curn</span> <span class='ocrx_word' id='word_1_213' title='bbox 570 2884 790 2951; x_wconf 70' lang='lat' dir='ltr'>praecedentibus</span> <span class='ocrx_word' id='word_1_214' title='bbox 807 2901 861 2937; x_wconf 88' lang='lat' dir='ltr'>uon</span> <span class='ocrx_word' id='word_1_215' title='bbox 880 2884 966 2936; x_wconf 89' lang='lat' dir='ltr'>solum</span> <span class='ocrx_word' id='word_1_216' title='bbox 982 2884 1098 2952; x_wconf 65' lang='lat' dir='ltr'>Proclo„</span> 
     </span>
     <span class='ocr_line' id='line_1_30' title="bbox 125 2951 1088 3021; baseline -0.004 -14"><span class='ocrx_word' id='word_1_217' title='bbox 125 2956 173 3007; x_wconf 90' lang='lat' dir='ltr'>sed</span> <span class='ocrx_word' id='word_1_218' title='bbox 192 2954 289 3018; x_wconf 83' lang='lat' dir='ltr'>etiem,</span> <span class='ocrx_word' id='word_1_219' title='bbox 306 2954 328 3003; x_wconf 94' lang='lat' dir='ltr'>si</span> <span class='ocrx_word' id='word_1_220' title='bbox 347 2953 462 3003; x_wconf 84' lang='lat' dir='ltr'>Tzetzoe</span> <span class='ocrx_word' id='word_1_221' title='bbox 481 2951 547 3002; x_wconf 84' lang='lat' dir='ltr'>fides</span> <span class='ocrx_word' id='word_1_222' title='bbox 567 2962 624 3016; x_wconf 88' lang='lat' dir='ltr'>est,</span> <span class='ocrx_word' id='word_1_223' title='bbox 648 2954 700 3003; x_wconf 89' lang='lat' dir='ltr'>ium</span> <span class='ocrx_word' id='word_1_224' title='bbox 718 2954 872 3005; x_wconf 82' lang='lat' dir='ltr'>Aristarcho</span> <span class='ocrx_word' id='word_1_225' title='bbox 891 2952 1088 3021; x_wconf 77' lang='lat' dir='ltr'>Plutarchoque</span> 
     </span>
    </p>
   </div>
   <div class='ocr_carea' id='block_1_12' title="bbox 11 3018 1089 3162">
    <p class='ocr_par' dir='ltr' id='par_1_12' title="bbox 11 3018 1089 3162">
     <span class='ocr_line' id='line_1_31' title="bbox 11 3018 1089 3091; baseline -0.005 -15"><span class='ocrx_word' id='word_1_226' title='bbox 11 3084 13 3091; x_wconf 17' lang='grc' dir='ltr'><em>γ</em></span> <span class='ocrx_word' id='word_1_227' title='bbox 125 3025 200 3076; x_wconf 76' lang='lat' dir='ltr'>risus</span> <span class='ocrx_word' id='word_1_228' title='bbox 211 3022 267 3086; x_wconf 84' lang='lat' dir='ltr'>sit,</span> <span class='ocrx_word' id='word_1_229' title='bbox 293 3018 525 3073; x_wconf 77' lang='lat' dir='ltr'>Doederli&#39;uas</span> <span class='ocrx_word' id='word_1_230' title='bbox 543 3038 603 3072; x_wconf 91' lang='lat' dir='ltr'>eum</span> <span class='ocrx_word' id='word_1_231' title='bbox 619 3022 657 3073; x_wconf 84' lang='lat' dir='ltr'>ite</span> <span class='ocrx_word' id='word_1_232' title='bbox 675 3020 870 3074; x_wconf 79' lang='lat' dir='ltr'>defendendum</span> <span class='ocrx_word' id='word_1_233' title='bbox 888 3021 1031 3082; x_wconf 85' lang='lat' dir='ltr'>iudicavit,</span> <span class='ocrx_word' id='word_1_234' title='bbox 1058 3032 1089 3072; x_wconf 92' lang='lat' dir='ltr'>nt</span> 
     </span>
     <span class='ocr_line' id='line_1_32' title="bbox 11 3090 1089 3162; baseline -0.006 -14"><span class='ocrx_word' id='word_1_235' title='bbox 11 3124 13 3159; x_wconf 73' lang='lat'>1</span> <span class='ocrx_word' id='word_1_236' title='bbox 125 3090 226 3162; x_wconf 72' lang='grc' dir='ltr'>ἔτέρον</span> <span class='ocrx_word' id='word_1_237' title='bbox 242 3107 295 3142; x_wconf 85' lang='lat' dir='ltr'>uon</span> <span class='ocrx_word' id='word_1_238' title='bbox 312 3090 349 3141; x_wconf 83' lang='lat' dir='ltr'>sd</span> <span class='ocrx_word' id='word_1_239' title='bbox 364 3090 456 3144; x_wconf 70' lang='lat' dir='ltr'>acidos</span> <span class='ocrx_word' id='word_1_240' title='bbox 472 3090 631 3158; x_wconf 82' lang='lat' dir='ltr'>referretur,</span> <span class='ocrx_word' id='word_1_241' title='bbox 657 3090 705 3141; x_wconf 91' lang='lat' dir='ltr'>sed</span> <span class='ocrx_word' id='word_1_242' title='bbox 724 3090 823 3142; x_wconf 87' lang='lat' dir='ltr'>dictum</span> <span class='ocrx_word' id='word_1_243' title='bbox 843 3102 914 3143; x_wconf 87' lang='lat' dir='ltr'>esset</span> <span class='ocrx_word' id='word_1_244' title='bbox 930 3091 963 3141; x_wconf 90' lang='lat' dir='ltr'>de</span> <span class='ocrx_word' id='word_1_245' title='bbox 979 3106 1089 3158; x_wconf 88' lang='lat' dir='ltr'>posses-</span> 
     </span>
    </p>
   </div>
   <div class='ocr_carea' id='block_1_13' title="bbox 121 3158 1094 4248">
    <p class='ocr_par' dir='ltr' id='par_1_13' title="bbox 121 3158 1094 4248">
     <span class='ocr_line' id='line_1_33' title="bbox 126 3158 1088 3227; baseline -0.004 -13"><span class='ocrx_word' id='word_1_246' title='bbox 126 3180 198 3215; x_wconf 85' lang='lat' dir='ltr'>sore.</span> <span class='ocrx_word' id='word_1_247' title='bbox 235 3161 330 3212; x_wconf 83' lang='lat' dir='ltr'>Posset</span> <span class='ocrx_word' id='word_1_248' title='bbox 343 3159 395 3211; x_wconf 89' lang='lat' dir='ltr'>hoc</span> <span class='ocrx_word' id='word_1_249' title='bbox 412 3158 478 3221; x_wconf 88' lang='lat' dir='ltr'>fieri,</span> <span class='ocrx_word' id='word_1_250' title='bbox 495 3158 518 3209; x_wconf 91' lang='lat' dir='ltr'>si</span> <span class='ocrx_word' id='word_1_251' title='bbox 536 3160 660 3211; x_wconf 83' lang='lat' dir='ltr'>abessent</span> <span class='ocrx_word' id='word_1_252' title='bbox 677 3159 722 3226; x_wconf 90' lang='lat' dir='ltr'>qui</span> <span class='ocrx_word' id='word_1_253' title='bbox 734 3162 898 3227; x_wconf 83' lang='lat' dir='ltr'>praecedunt</span> <span class='ocrx_word' id='word_1_254' title='bbox 914 3177 1022 3226; x_wconf 86' lang='lat' dir='ltr'>versus,</span> <span class='ocrx_word' id='word_1_255' title='bbox 1039 3160 1088 3211; x_wconf 91' lang='lat' dir='ltr'>sed</span> 
     </span>
     <span class='ocr_line' id='line_1_34' title="bbox 126 3226 1090 3297; baseline -0.003 -15"><span class='ocrx_word' id='word_1_256' title='bbox 126 3226 287 3297; x_wconf 83' lang='lat' dir='ltr'>praegressis</span> <span class='ocrx_word' id='word_1_257' title='bbox 309 3228 351 3278; x_wconf 89' lang='lat' dir='ltr'>his</span> <span class='ocrx_word' id='word_1_258' title='bbox 377 3246 455 3279; x_wconf 89' lang='lat' dir='ltr'>nemo</span> <span class='ocrx_word' id='word_1_259' title='bbox 477 3227 552 3278; x_wconf 87' lang='lat' dir='ltr'>illum</span> <span class='ocrx_word' id='word_1_260' title='bbox 569 3245 672 3278; x_wconf 82' lang='lat' dir='ltr'>versum</span> <span class='ocrx_word' id='word_1_261' title='bbox 698 3246 752 3278; x_wconf 88' lang='lat' dir='ltr'>uon</span> <span class='ocrx_word' id='word_1_262' title='bbox 776 3229 810 3280; x_wconf 86' lang='lat' dir='ltr'>ad</span> <span class='ocrx_word' id='word_1_263' title='bbox 828 3229 912 3280; x_wconf 88' lang='lat' dir='ltr'>lilium</span> <span class='ocrx_word' id='word_1_264' title='bbox 929 3229 1036 3280; x_wconf 85' lang='lat' dir='ltr'>referet.</span> <span class='ocrx_word' id='word_1_265' title='bbox 1054 3257 1090 3266; x_wconf 96' lang='lat'><em>-</em></span> 
     </span>
     <span class='ocr_line' id='line_1_35' title="bbox 125 3297 1088 3367; baseline -0.003 -17"><span class='ocrx_word' id='word_1_266' title='bbox 125 3300 209 3350; x_wconf 79' lang='lat' dir='ltr'>llect&#39;e</span> <span class='ocrx_word' id='word_1_267' title='bbox 227 3312 292 3348; x_wconf 82' lang='lat' dir='ltr'>vero</span> <span class='ocrx_word' id='word_1_268' title='bbox 306 3297 394 3348; x_wconf 85' lang='lat' dir='ltr'>omdis</span> <span class='ocrx_word' id='word_1_269' title='bbox 403 3297 554 3365; x_wconf 87' lang='lat' dir='ltr'>procedent</span> <span class='ocrx_word' id='word_1_270' title='bbox 571 3297 651 3348; x_wconf 88' lang='lat' dir='ltr'>tertio</span> <span class='ocrx_word' id='word_1_271' title='bbox 669 3313 746 3347; x_wconf 79' lang='lat' dir='ltr'>versu</span> <span class='ocrx_word' id='word_1_272' title='bbox 761 3297 894 3367; x_wconf 69' lang='lat' dir='ltr'>erpliceto</span> <span class='ocrx_word' id='word_1_273' title='bbox 915 3298 1022 3364; x_wconf 88' lang='lat' dir='ltr'>quidem</span> <span class='ocrx_word' id='word_1_274' title='bbox 1040 3297 1088 3362; x_wconf 85' lang='lat' dir='ltr'>ita,</span> 
     </span>
     <span class='ocr_line' id='line_1_36' title="bbox 127 3362 1090 3436; baseline -0.004 -15"><span class='ocrx_word' id='word_1_275' title='bbox 127 3369 166 3421; x_wconf 84' lang='lat' dir='ltr'>uti</span> <span class='ocrx_word' id='word_1_276' title='bbox 191 3367 279 3419; x_wconf 82' lang='lat' dir='ltr'>suasit</span> <span class='ocrx_word' id='word_1_277' title='bbox 302 3366 493 3431; x_wconf 85' lang='lat' dir='ltr'>Doederlinus,</span> <span class='ocrx_word' id='word_1_278' title='bbox 513 3366 561 3418; x_wconf 92' lang='lat' dir='ltr'>sed</span> <span class='ocrx_word' id='word_1_279' title='bbox 577 3362 667 3434; x_wconf 87' lang='lat' dir='ltr'>p&#39;osito</span> <span class='ocrx_word' id='word_1_280' title='bbox 683 3376 745 3419; x_wconf 81' lang='lat' dir='ltr'>ente</span> <span class='ocrx_word' id='word_1_281' title='bbox 759 3385 827 3435; x_wconf 86' lang='lat' dir='ltr'>eum,</span> <span class='ocrx_word' id='word_1_282' title='bbox 843 3369 890 3436; x_wconf 86' lang='lat' dir='ltr'>qni</span> <span class='ocrx_word' id='word_1_283' title='bbox 902 3366 929 3416; x_wconf 89' lang='lat' dir='ltr'>in</span> <span class='ocrx_word' id='word_1_284' title='bbox 943 3366 1019 3418; x_wconf 87' lang='lat' dir='ltr'>libris</span> <span class='ocrx_word' id='word_1_285' title='bbox 1030 3367 1090 3433; x_wconf 91' lang='lat' dir='ltr'>pri·</span> 
     </span>
     <span class='ocr_line' id='line_1_37' title="bbox 125 3434 1089 3506; baseline 0.001 -18"><span class='ocrx_word' id='word_1_286' title='bbox 125 3455 183 3488; x_wconf 88' lang='lat' dir='ltr'>mus</span> <span class='ocrx_word' id='word_1_287' title='bbox 199 3434 282 3503; x_wconf 64' lang='lat'><strong>(376.)</strong></span> <span class='ocrx_word' id='word_1_288' title='bbox 302 3446 351 3487; x_wconf 86' lang='lat' dir='ltr'>cst.</span> <span class='ocrx_word' id='word_1_289' title='bbox 389 3436 474 3496; x_wconf 85' lang='lat' dir='ltr'>Quum</span> <span class='ocrx_word' id='word_1_290' title='bbox 493 3445 582 3486; x_wconf 84' lang='lat' dir='ltr'>eutem</span> <span class='ocrx_word' id='word_1_291' title='bbox 603 3435 681 3485; x_wconf 84' lang='lat' dir='ltr'>etiem</span> <span class='ocrx_word' id='word_1_292' title='bbox 702 3435 731 3484; x_wconf 92' lang='lat' dir='ltr'>in</span> <span class='ocrx_word' id='word_1_293' title='bbox 747 3448 842 3506; x_wconf 86' lang='lat' dir='ltr'>quarto</span> <span class='ocrx_word' id='word_1_294' title='bbox 866 3435 1013 3504; x_wconf 81' lang='lat' dir='ltr'>requiratur</span> <span class='ocrx_word' id='word_1_295' title='bbox 1031 3436 1089 3500; x_wconf 78' lang='lat' dir='ltr'>sul,</span> 
     </span>
     <span class='ocr_line' id='line_1_38' title="bbox 126 3503 974 3559; baseline -0.012 -2"><span class='ocrx_word' id='word_1_296' title='bbox 126 3503 475 3557; x_wconf 85' lang='lat' dir='ltr'>eritillesicscribeudus:</span> <span class='ocrx_word' id='word_1_297' title='bbox 534 3510 536 3517; x_wconf 80' lang='grc'>’</span> <span class='ocrx_word' id='word_1_298' title='bbox 972 3556 974 3559; x_wconf 35' lang='grc'><em>,</em></span> 
     </span>
     <span class='ocr_line' id='line_1_39' title="bbox 232 3564 1090 3642; baseline -0.005 -17"><span class='ocrx_word' id='word_1_299' title='bbox 232 3568 284 3642; x_wconf 77' lang='grc' dir='ltr'>ῥέα</span> <span class='ocrx_word' id='word_1_300' title='bbox 292 3571 327 3626; x_wconf 71' lang='lat' dir='ltr'>di</span> <span class='ocrx_word' id='word_1_301' title='bbox 336 3589 368 3626; x_wconf 78' lang='lat' dir='ltr'>ue</span> <span class='ocrx_word' id='word_1_302' title='bbox 381 3570 430 3626; x_wconf 77' lang='lat' dir='ltr'>eal</span> <span class='ocrx_word' id='word_1_303' title='bbox 439 3566 588 3623; x_wconf 65' lang='grc' dir='ltr'>πλεόνεσσι</span> <span class='ocrx_word' id='word_1_304' title='bbox 599 3566 685 3641; x_wconf 70' lang='grc' dir='ltr'><strong><em>πόροι</em></strong></span> <span class='ocrx_word' id='word_1_305' title='bbox 701 3568 771 3634; x_wconf 70' lang='grc' dir='ltr'>Ζεὺς</span> <span class='ocrx_word' id='word_1_306' title='bbox 788 3568 917 3640; x_wconf 70' lang='grc' dir='ltr'><em>ἄφθιτον</em></span> <span class='ocrx_word' id='word_1_307' title='bbox 934 3564 1090 3640; x_wconf 64' lang='lat' dir='ltr'>didos-”-</span> 
     </span>
     <span class='ocr_line' id='line_1_40' title="bbox 125 3640 1089 3706; baseline -0.003 -11"><span class='ocrx_word' id='word_1_308' title='bbox 125 3642 155 3695; x_wconf 82' lang='lat' dir='ltr'>si</span> <span class='ocrx_word' id='word_1_309' title='bbox 169 3642 316 3694; x_wconf 79' lang='lat' dir='ltr'>cohaerent</span> <span class='ocrx_word' id='word_1_310' title='bbox 329 3642 398 3695; x_wconf 88' lang='lat' dir='ltr'>inter</span> <span class='ocrx_word' id='word_1_311' title='bbox 412 3640 482 3693; x_wconf 87' lang='lat' dir='ltr'>sebi</span> <span class='ocrx_word' id='word_1_312' title='bbox 497 3656 599 3705; x_wconf 83' lang='lat' dir='ltr'>versus,</span> <span class='ocrx_word' id='word_1_313' title='bbox 612 3640 694 3691; x_wconf 73' lang='lat' dir='ltr'>setius</span> <span class='ocrx_word' id='word_1_314' title='bbox 706 3658 764 3692; x_wconf 89' lang='lat' dir='ltr'>esse</span> <span class='ocrx_word' id='word_1_315' title='bbox 778 3641 847 3692; x_wconf 90' lang='lat' dir='ltr'>duco</span> <span class='ocrx_word' id='word_1_316' title='bbox 859 3650 975 3691; x_wconf 77' lang='lat' dir='ltr'>statuere</span> <span class='ocrx_word' id='word_1_317' title='bbox 986 3655 1089 3706; x_wconf 70' lang='lat' dir='ltr'>pauso·</span> 
     </span>
     <span class='ocr_line' id='line_1_41' title="bbox 126 3706 1089 3780; baseline -0.007 -16"><span class='ocrx_word' id='word_1_318' title='bbox 126 3711 198 3780; x_wconf 76' lang='grc' dir='ltr'>γενῆ</span> <span class='ocrx_word' id='word_1_319' title='bbox 216 3711 308 3764; x_wconf 79' lang='grc' dir='ltr'><em>παῖδα</em></span> <span class='ocrx_word' id='word_1_320' title='bbox 323 3711 422 3761; x_wconf 88' lang='lat' dir='ltr'>dictum</span> <span class='ocrx_word' id='word_1_321' title='bbox 441 3725 497 3759; x_wconf 86' lang='lat' dir='ltr'>esse</span> <span class='ocrx_word' id='word_1_322' title='bbox 510 3708 601 3759; x_wconf 87' lang='lat' dir='ltr'>eedem</span> <span class='ocrx_word' id='word_1_323' title='bbox 619 3706 807 3775; x_wconf 78' lang='lat' dir='ltr'>significatione</span> <span class='ocrx_word' id='word_1_324' title='bbox 824 3719 902 3777; x_wconf 86' lang='lat' dir='ltr'>etque</span> <span class='ocrx_word' id='word_1_325' title='bbox 918 3708 1025 3774; x_wconf 66' lang='lat' dir='ltr'>potitos</span> <span class='ocrx_word' id='word_1_326' title='bbox 1041 3724 1089 3758; x_wconf 84' lang='lat' dir='ltr'>ex-</span> 
     </span>
     <span class='ocr_line' id='line_1_42' title="bbox 124 3777 1089 3850; baseline -0.006 -18"><span class='ocrx_word' id='word_1_327' title='bbox 124 3780 333 3850; x_wconf 84' lang='lat' dir='ltr'>plicandumque</span> <span class='ocrx_word' id='word_1_328' title='bbox 347 3797 379 3830; x_wconf 92' lang='lat' dir='ltr'>eo</span> <span class='ocrx_word' id='word_1_329' title='bbox 395 3779 486 3841; x_wconf 92' lang='lat' dir='ltr'>modo,</span> <span class='ocrx_word' id='word_1_330' title='bbox 502 3793 578 3846; x_wconf 91' lang='lat' dir='ltr'>quem</span> <span class='ocrx_word' id='word_1_331' title='bbox 592 3777 709 3829; x_wconf 78' lang='lat' dir='ltr'>indicavi</span> <span class='ocrx_word' id='word_1_332' title='bbox 724 3798 750 3847; x_wconf 90' lang='lat' dir='ltr'>p.</span> <span class='ocrx_word' id='word_1_333' title='bbox 765 3780 826 3832; x_wconf 73' lang='lat'><strong>200.</strong></span> <span class='ocrx_word' id='word_1_334' title='bbox 861 3777 945 3829; x_wconf 83' lang='lat' dir='ltr'>Addit</span> <span class='ocrx_word' id='word_1_335' title='bbox 957 3779 1089 3828; x_wconf 89' lang='lat' dir='ltr'>Herman-</span> 
     </span>
     <span class='ocr_line' id='line_1_43' title="bbox 121 3843 1088 3919; baseline -0.007 -19"><span class='ocrx_word' id='word_1_336' title='bbox 121 3867 191 3901; x_wconf 83' lang='lat' dir='ltr'>nus:</span> <span class='ocrx_word' id='word_1_337' title='bbox 217 3850 376 3916; x_wconf 82' lang='lat' dir='ltr'>„Praeterea</span> <span class='ocrx_word' id='word_1_338' title='bbox 388 3847 460 3898; x_wconf 87' lang='lat' dir='ltr'>haud</span> <span class='ocrx_word' id='word_1_339' title='bbox 472 3847 527 3898; x_wconf 90' lang='lat' dir='ltr'>scio</span> <span class='ocrx_word' id='word_1_340' title='bbox 544 3860 577 3897; x_wconf 92' lang='lat' dir='ltr'>en</span> <span class='ocrx_word' id='word_1_341' title='bbox 597 3846 840 3919; x_wconf 12' lang='lat' dir='ltr'>ultimumvversnm</span> <span class='ocrx_word' id='word_1_342' title='bbox 856 3846 939 3917; x_wconf 78' lang='grc'><strong>(380.)</strong></span> <span class='ocrx_word' id='word_1_343' title='bbox 957 3846 999 3897; x_wconf 77' lang='lat' dir='ltr'>sic</span> <span class='ocrx_word' id='word_1_344' title='bbox 1008 3843 1088 3895; x_wconf 87' lang='lat' dir='ltr'>scribi</span> 
     </span>
     <span class='ocr_line' id='line_1_44' title="bbox 175 3928 259 3969; baseline -0.024 0"><span class='ocrx_word' id='word_1_345' title='bbox 175 3928 259 3969; x_wconf 87' lang='lat' dir='ltr'>estet:</span> 
     </span>
     <span class='ocr_line' id='line_1_45' title="bbox 124 3936 1078 4056; baseline -0.006 -16"><span class='ocrx_word' id='word_1_346' title='bbox 124 3936 173 3988; x_wconf 63' lang='lat' dir='ltr'>pm</span> <span class='ocrx_word' id='word_1_347' title='bbox 230 3983 334 4039; x_wconf 75' lang='lat' dir='ltr'>ertator</span> <span class='ocrx_word' id='word_1_348' title='bbox 350 3980 403 4056; x_wconf 71' lang='grc' dir='ltr'>γὰρ</span> <span class='ocrx_word' id='word_1_349' title='bbox 420 3982 531 4039; x_wconf 71' lang='grc' dir='ltr'><strong><em>πολλῶν</em></strong></span> <span class='ocrx_word' id='word_1_350' title='bbox 548 3981 655 4051; x_wconf 76' lang='grc' dir='ltr'><strong><em>μελέτη,</em></strong></span> <span class='ocrx_word' id='word_1_351' title='bbox 672 3983 772 4051; x_wconf 71' lang='grc' dir='ltr'>μείζων</span> <span class='ocrx_word' id='word_1_352' title='bbox 789 3978 815 4038; x_wconf 77' lang='grc' dir='ltr'>δ’</span> <span class='ocrx_word' id='word_1_353' title='bbox 834 3977 986 4050; x_wconf 47' lang='lat' dir='ltr'>inediae?</span> <span class='ocrx_word' id='word_1_354' title='bbox 1073 4048 1078 4055; x_wconf 29' lang='grc' dir='ltr'>ι</span> 
     </span>
     <span class='ocr_line' id='line_1_46' title="bbox 124 4043 1094 4123; baseline -0.008 -16"><span class='ocrx_word' id='word_1_355' title='bbox 124 4056 153 4107; x_wconf 85' lang='grc' dir='ltr'>8ἱ</span> <span class='ocrx_word' id='word_1_356' title='bbox 165 4054 324 4107; x_wconf 72' lang='lat' dir='ltr'>cohaerent</span> <span class='ocrx_word' id='word_1_357' title='bbox 341 4054 409 4106; x_wconf 88' lang='lat' dir='ltr'>haec</span> <span class='ocrx_word' id='word_1_358' title='bbox 431 4070 489 4104; x_wconf 87' lang='lat' dir='ltr'>cnm</span> <span class='ocrx_word' id='word_1_359' title='bbox 509 4052 735 4123; x_wconf 83' lang='lat' dir='ltr'>antecedentibus,</span> <span class='ocrx_word' id='word_1_360' title='bbox 757 4062 873 4121; x_wconf 82' lang='lat' dir='ltr'>praestat</span> <span class='ocrx_word' id='word_1_361' title='bbox 895 4069 958 4102; x_wconf 83' lang='lat' dir='ltr'>sane</span> <span class='ocrx_word' id='word_1_362' title='bbox 973 4043 1041 4120; x_wconf 60' lang='lat'>7693</span> <span class='ocrx_word' id='word_1_363' title='bbox 1066 4046 1094 4100; x_wconf 83' lang='lat' dir='ltr'>si&#39;</span> 
     </span>
     <span class='ocr_line' id='line_1_47' title="bbox 124 4120 1088 4191; baseline -0.006 -15"><span class='ocrx_word' id='word_1_364' title='bbox 124 4124 258 4191; x_wconf 78' lang='lat' dir='ltr'>generalis</span> <span class='ocrx_word' id='word_1_365' title='bbox 270 4134 313 4177; x_wconf 91' lang='lat' dir='ltr'>est</span> <span class='ocrx_word' id='word_1_366' title='bbox 325 4123 457 4176; x_wconf 81' lang='lat' dir='ltr'>sententie</span> <span class='ocrx_word' id='word_1_367' title='bbox 470 4138 519 4191; x_wconf 91' lang='lat' dir='ltr'>per</span> <span class='ocrx_word' id='word_1_368' title='bbox 533 4137 563 4174; x_wconf 86' lang='lat' dir='ltr'>ss</span> <span class='ocrx_word' id='word_1_369' title='bbox 577 4122 731 4189; x_wconf 81' lang='lat' dir='ltr'>spectanda,</span> <span class='ocrx_word' id='word_1_370' title='bbox 745 4139 798 4174; x_wconf 90' lang='lat' dir='ltr'>nou</span> <span class='ocrx_word' id='word_1_371' title='bbox 814 4139 882 4191; x_wconf 88' lang='lat' dir='ltr'>opus</span> <span class='ocrx_word' id='word_1_372' title='bbox 900 4121 951 4172; x_wconf 89' lang='lat' dir='ltr'>erit</span> <span class='ocrx_word' id='word_1_373' title='bbox 961 4120 1088 4172; x_wconf 77' lang='lat' dir='ltr'>baccor-</span> 
     </span>
     <span class='ocr_line' id='line_1_48' title="bbox 125 4195 258 4248; baseline 0.008 -2"><span class='ocrx_word' id='word_1_374' title='bbox 125 4195 258 4248; x_wconf 86' lang='lat' dir='ltr'>rectione.</span> 
     </span>
    </p>
   </div>
   <div class='ocr_carea' id='block_1_14' title="bbox 805 4280 888 4345">
    <p class='ocr_par' dir='ltr' id='par_1_14' title="bbox 805 4280 888 4345">
     <span class='ocr_line' id='line_1_49' title="bbox 805 4280 888 4345; baseline 0 0"><span class='ocrx_word' id='word_1_375' title='bbox 805 4280 888 4345; x_wconf 80' lang='lat'>***2</span> 
     </span>
    </p>
   </div>
   <div class='ocr_carea' id='block_1_15' title="bbox 0 0 1402 4878">
    <p class='ocr_par' dir='ltr' id='par_1_15' title="bbox 0 0 1402 4878">
     <span class='ocr_line' id='line_1_50' title="bbox 0 0 1402 4878; baseline 0 0"><span class='ocrx_word' id='word_1_376' title='bbox 0 0 1402 4878; x_wconf 95' lang='lat' dir='ltr'> </span> 
     </span>
    </p>
   </div>
  </div>
 </body>
</html>
