2796 4878
1048 332 1121 376 lam

90 485 175 538 usque
191 469 229 523 ad
245 469 374 540 πολιτείᾳ
390 469 418 521 in
435 469 545 524 Τιοίιίι
560 470 674 524 scholiis
690 487 709 523 s
722 468 898 524 Trincavello
909 467 988 521 editis
996 486 1022 537 p.
1034 468 1062 536 ό,
1075 469 1118 535 b,

90 563 147 616 iam
173 563 198 615 si
218 560 425 631 comparaveris
450 579 514 615 cum
537 561 630 616 verbis
658 578 723 614 vere
748 559 898 613 Procliauis
919 559 948 613 iu
971 561 1058 615 schol.
1081 563 1118 616 ad

90 654 173 722 Oper.
191 652 422 723 2³1.,scmpu1cs
440 654 511 707 alius
527 653 672 708 iuiicletur.
697 651 799 707 Scribit
816 649 888 704 euim
906 650 945 703 ier
967 651 1120 726 Φιλόχορος

90 743 122 800 δὲ
139 741 313 814 Στησίχορόν
330 763 400 814 φησι
418 743 470 801 τόν
486 744 544 801 due
563 744 714 816 Κλυμένης.
747 745 824 797 ldem
848 760 915 797 vero
932 743 1064 799 Proculus
1081 747 1117 801 ad

89 839 142 907 0p.
165 837 227 890 631.
249 838 303 890 ita:
335 833 406 892 ὅθεν
437 839 486 894 aul
511 837 562 894 τόν
587 837 660 895 θεόν
687 833 877 907 Ὀρχομενίοις
902 833 1055 906 eporedias
1079 832 1116 893 ao's

88 927 221 984 Ἡσιόδου
238 929 360 999 tritura
377 932 472 1001 λαβεῖν
488 930 536 986 aul
553 930 651 1000 θάψαι
671 923 738 1002 παρ’
757 926 863 994 adroic,
880 925 919 990 oie
935 927 984 983 καί
1001 925 1116 1002 lepraru-

89 1021 169 1091 νὲίης
191 1021 261 1090 φησί
285 1020 404 1095 χςόφων
426 1019 480 1093 τὴν
504 1021 688 1095 Ὀρχομενίων
710 1022 863 1076 πολιτείαν.
901 1022 989 1088 Atque
1014 1022 1117 1078 similia

90 1115 265 1169 Aristotelem
290 1115 324 1168 de
345 1115 466 1169 Hesiodo
488 1116 632 1169 tradidisse
655 1116 683 1169 ia
705 1114 847 1183 republica
869 1113 1116 1169 Orchomeoiorum

90 1207 214 1262 concludi
232 1206 315 1260 etiam
333 1226 366 1261 ex
384 1209 464 1262 Prov.
483 1208 618 1262 Vaticanis
635 1208 679 1273 lV,
695 1207 721 1259 3.
738 1212 836 1275 potest,
854 1222 924 1274 quae
942 1223 1025 1275 supra
1042 1210 1114 1261 alle·

88 1299 225 1372 gerimus.
259 1299 319 1351 lam
334 1318 403 1353 vero
419 1296 466 1367 qui
482 1299 535 1353 iste
552 1302 648 1366 verbe,
659 1301 764 1367 μᾶλλον
777 1298 817 1364 dd,
835 1295 923 1367 οἶμαι,
940 1302 1008 1363 stt,
1025 1299 1115 1353 obiter

89 1393 246 1462 inspexerit,
264 1392 409 1444 subactum
426 1392 556 1445 iudicium
574 1393 644 1446 docti
661 1393 780 1465 hominis
797 1391 850 1445 sibi
868 1407 1018 1462 agnoscere
1036 1391 1114 1445 ride·
1133 1375 1136 1382 ¹

88 1485 170 1550 bitur,
186 1484 233 1552 qui
245 1482 445 1552 rempublicam
456 1484 762 1538 Orchomeniorumoon
776 1484 969 1553 aplrilosoplro
983 1483 1114 1552 scriptam

90 1596 151 1632 csse
169 1577 316 1630 arbitratus
334 1574 384 1643 eit,
407 1576 456 1628 sed
470 1577 508 1629 ab
525 1577 580 1630 alio
599 1576 758 1640 Aristotele,
782 1576 827 1644 qui
850 1575 901 1629 τόν
918 1574 1031 1630 mutos
1048 1594 1114 1629 coa·

89 1668 207 1739 scripsit.
242 1668 317 1722 Nihil
336 1673 376 1721 est
393 1672 486 1721 autem
503 1669 539 1720 ab
557 1668 667 1739 ingenio
686 1666 795 1721 Tzetzie
820 1673 876 1720 tam
893 1668 1013 1721 alienum
1031 1685 1114 1739 quam

88 1766 160 1839 baec
190 1761 298 1815 altioris
322 1760 458 1831 indaginis
482 1760 568 1814 crisis.
609 1760 735 1824 Accedit,
765 1760 836 1827 quod
870 1759 933 1812 libri
960 1759 1114 1813 Aristotelis

88 1857 123 1910 de
146 1854 304 1909 civitatibus
326 1858 449 1921 tempore
472 1853 580 1908 Taetcis
601 1852 660 1907 siue
683 1853 767 1907 dubio
790 1852 847 1906 iam
870 1851 1003 1920 deperditi
1027 1855 1112 1905 eraut.

87 1951 218 2003 Fortasse
242 1946 327 2017 igitur
351 1945 380 1997 in
402 1946 512 1999 'lacteis
537 1945 687 2014 exemplari
710 1945 880 1999 scholiorum
907 1944 1113 1998 Proclianoruru

87 2041 221 2110 scriptum
230 2046 302 2093 erata
318 2034 334 2092 ό
349 2036 505 2105 φιλόσοφος
517 2034 594 2106 proo‘
608 2035 771 2110 Φιλόχοροςε
782 2039 867 2110 igitur
877 2053 960 2107 quum
972 2053 1024 2088 nou
1037 2035 1114 2089 inve·

87 2134 269 2186 uissetlocam
278 2129 580 2197 indrictotelieecriptis
592 2130 644 2183 sibi
652 2131 731 2199 notis,
744 2149 777 2185 er
790 2133 946 2184 coniectura
958 2130 1061 2183 addidit
1073 2127 1115 2183 di·

89 2232 164 2280 otum
180 2226 236 2277 boc
254 2240 314 2276 esse
330 2222 421 2276 autin
438 2221 685 2277 Orchomenioram
703 2223 844 2291 republica
861 2229 973 2291 propter
990 2220 1115 2275 scholion

87 2318 266 2374 Procliauum
276 2317 312 2368 ad
324 2315 377 2382 Op.
387 2313 458 2377 dol..
476 2320 532 2379 aut,
550 2315 621 2382 quod
636 2313 810 2369 verisimilius
826 2314 852 2367 ei
870 2314 960 2367 visum
977 2313 1069 2379 fuerit,
1086 2312 1114 2365 iu

89 2431 123 2467 ea
138 2406 377 2471 commentatione,
395 2422 477 2472 quam
486 2406 563 2474 Pepli
575 2407 683 2460 nomine
695 2425 756 2461 eam
770 2408 806 2460 ob
818 2424 929 2461 caueam
942 2404 1117 2474 inscripserat

88 2505 259 2567 Aristoteles,
277 2499 349 2569 quod
365 2498 567 2567 mythologiam
590 2501 736 2568 praecipue
754 2501 916 2568 explicabat.
951 2501 993 2552 Ile
1010 2497 1115 2551 Aristo-

88 2601 143 2653 tele
165 2594 247 2663 Pepli
271 2598 383 2646 auctore
405 2596 514 2658 praeter
536 2592 662 2644 Euetath.
688 2593 721 2644 ll·
746 2611 773 2661 p.
795 2591 855 2659 285,
878 2590 922 2645 24.
952 2598 1035 2661 atque
1058 2607 1115 2658 eos,

89 2705 157 2758 quos
169 2683 292 2739 laudavit
308 2682 500 2736 Horleeius
518 2684 553 2735 ad
564 2684 726 2737 Fabr.Bibl.
741 2685 789 2736 Gr.
804 2686 851 2737 lll.
860 2683 963 2753 padio,
978 2703 1006 2737 v.
1020 2684 1114 2737 Schol.

87 2777 199 2834 Aristid.
218 2777 254 2828 Τ.
272 2775 319 2828 111.
338 2793 364 2843 p.
382 2774 443 2827 323.
461 2774 558 2839 uina,
588 2776 680 2828 Schol.
706 2778 770 2828 Ven.
788 2777 820 2829 ll.
839 2774 962 2840 x1‚688.
980 2780 1007 2827 et
1023 2778 1116 2843 Etym.

88 2873 128 2926 bl.
146 2890 176 2924 v.
190 2861 280 2929 Ἦλις.
313 2869 425 2921 Videtur
441 2871 533 2919 autem
550 2867 723 2935 perspicuum
742 2885 801 2920 esse
819 2885 853 2919 ex
867 2869 921 2919 hoc
939 2866 1049 2920 Taetais
1066 2867 1116 2919 ad·

89 2964 242 3018 ditamemo
277 2977 330 3012 nou
365 2958 489 3012 continuo
513 2960 639 3012 concludi
661 2958 762 3013 debere
787 2961 932 3028 Peplorum
955 2959 1116 3028 scriptorem

88 3072 149 3110 esse
167 3053 254 3107 elium
272 3036 355 3121 quam
370 3051 563 3119 philosophum
577 3050 759 3113 Aristotelem,
777 3053 850 3118 quod
861 3052 925 3104 fecit
942 3049 1117 3105 Meureius

88 3147 211 3202 Panath.
237 3143 281 3197 18.
315 3144 449 3211 Exempto
475 3141 561 3213 igitur
585 3143 638 3193 boc
663 3146 791 3210 scrupulo
815 3144 852 3212 (si
874 3144 956 3197 modo
979 3162 1045 3198 vere
1070 3161 1117 3196 en·

89 3247 200 3310 emptus
218 3240 271 3303 est)
290 3237 359 3289 nihil
375 3235 483 3288 ridetur
499 3233 649 3301 impedire,
676 3236 817 3303 quominus
840 3243 926 3291 totam
951 3243 1118 3292 commeata-

89 3335 194 3388 tiouem
219 3332 254 3383 do
278 3335 359 3400 gente
382 3326 494 3380 Hesiodi
515 3326 674 3380 losTzetai
699 3347 760 3382 cum
785 3331 892 3384 Raulio
921 3332 1117 3401 adscribamus,

91 3429 197 3480 editam
215 3424 323 3476 diverso
340 3422 421 3474 modo
439 3419 467 3472 in
484 3419 598 3473 diversis
620 3422 830 3490 exemplaribus.
864 3423 907 3475 Ab
929 3424 984 3476 hoc
1000 3426 1117 3477 Proculo

90 3521 234 3575 diversum
257 3532 317 3568 esse
339 3515 481 3578 Pramum,
508 3513 681 3567 Proculeium
704 3516 789 3567 etiam
809 3514 926 3576 dictum,
950 3516 1051 3583 Syrum
1067 3531 1117 3567 aa·

91 3613 173 3678 tione,
192 3609 299 3664 monuit
315 3605 504 3659 Fabricius
520 3605 592 3657 Bibl.
607 3604 654 3656 Gr.
670 3607 705 3657 T.
718 3606 765 3658 lx.
781 3605 996 3674 petulinus.
1030 3605 1119 3658 Huius

92 3702 319 3759 commentarium
338 3699 377 3761 eir
398 3697 448 3754 τόν
465 3693 531 3769 παρ’
553 3692 673 3769 Ἡσιόδῳ
690 3699 740 3767 τῆς
757 3694 915 3772 Πανόοόχοις
929 3700 1025 3770 μόθον
1042 3716 1117 3754 com-

93 3796 261 3852 memoravit
276 3794 384 3848 Suidas.
