2796 4878
58 601 121 673 Ν.
175 602 238 671 lle
262 602 450 671 Hesiodi
475 600 699 697 Operibus
725 613 767 674 et
787 605 950 677 Diebus
977 606 1094 680 etde

298 729 603 798 ΜΕΓΑΛΟΙΣ
632 730 859 801 ΕΡΓΟΙΣ.

128 880 251 950 Opera
275 880 389 937 Heeiodi
411 883 549 937 continere
572 882 761 952 nnoqncimc
784 891 932 956 praecepta
954 886 1093 956 practiou'e

57 976 232 1030 Graecorum
256 974 452 1046 philosophiae
477 993 557 1030 nemo
578 976 662 1031 facile
685 978 738 1032 erit
764 979 810 1049 qui
838 982 934 1050 neget,
965 986 1092 1049 reeteque
1134 986 1139 999 ‘

52 1063 144 1141 'Eupo
176 1068 256 1123 initia
287 1070 482 1139 philosophiae
510 1071 652 1139 practicae
682 1071 750 1126 dixit
782 1072 946 1127 Frleaiue
975 1073 1092 1142 (Hicine.

58 1162 168 1218 l'hiloe.
192 1163 214 1216 l.
235 1179 262 1232 p·
279 1160 348 1232 88).
384 1164 511 1217 Praetica
534 1170 628 1217 autern
650 1164 827 1234 philosophia
849 1181 933 1235 quum
957 1166 1094 1235 tripartita

57 1257 94 1311 eit
117 1256 266 1310 muudum
283 1256 453 1311 Graecorum
477 1256 650 1326 disciplinam
673 1260 939 1328 comprehendatque
954 1259 1092 1328 Ethicarn,

57 1349 207 1430 Politicanr
231 1354 258 1403 et
274 1350 503 1418 oeconomicam,
529 1368 580 1405 eeu
603 1360 750 1422 praecepta
768 1353 802 1406 de
817 1352 943 1421 homine,
969 1354 1004 1407 de
1021 1354 1092 1419 cine,

57 1443 94 1497 de
112 1441 324 1512 praetenuia,
341 1460 394 1497 nou
409 1443 564 1498 mirandum
581 1450 622 1499 eet
638 1444 754 1513 triplicia
771 1445 880 1516 generi·
898 1460 958 1500 ecee
976 1447 1093 1503 lleelodi

56 1536 99 1589 eie
110 1535 179 1589 dicti
197 1541 353 1605 praecepta.
388 1537 411 1590 l.
427 1537 553 1592 Etbica
567 1543 660 1592 autern
673 1541 735 1591 eunt
745 1555 772 1592 v.
787 1537 911 1592 11-46.
929 1538 1091 1594 toa-tlt.

56 1626 111 1682 m
128 1656 162 1670 -
179 1624 240 1683 382.
257 1626 311 1682 008
329 1657 361 1668 -
378 1628 440 1683 704.
476 1630 512 1684 ll.
531 1628 692 1685 Polltlca
708 1631 882 1699 pauciuima,
895 1630 947 1685 248
965 1661 1001 1672 -
1016 1631 1090 1703 m,

57 1727 143 1794 louge
159 1722 347 1775 numerarium
365 1723 415 1776 lll.
433 1723 682 1791 oeconomica,
707 1738 824 1792 quorum
835 1741 900 1793 pure
912 1724 945 1778 de
961 1725 1091 1796 eligenda

58 1832 145 1871 uxore
163 1816 225 1886 agit
242 1812 445 1885 (dat-toa),
472 1832 538 1885 pere
560 1816 595 1870 de
618 1816 766 1870 educandlu
782 1816 877 1871 liberie
894 1814 1091 1888 (lili—M).

57 1908 138 1964 llaec
161 1906 254 1963 omnia
278 1914 340 1964 eunt
363 1911 476 1979 antiqua
498 1908 649 1979 proverbia
673 1910 847 1964 divertorurn
861 1917 1023 1981 temporum
1039 1928 1091 1967 nce

57 2002 150 2075 magia
177 2002 253 2073 inter
276 2019 307 2056 ee
338 2004 487 2057 cohaerent
516 2003 641 2074 cingula,
667 2018 750 2071 quam
773 2004 943 2076 Theognidie
972 2020 1091 2076 gnomae

57 2099 100 2167 (n.
118 2094 225 2149 Wolf.
243 2092 376 2166 Protcgg.
393 2114 421 2165 p.
438 2094 515 2164 121.)
532 2103 579 2150 ent
597 2110 631 2149 ea
648 2111 719 2164 quae
734 2096 880 2167 Phocylidt
902 2097 1092 2153 adecribuutur

5 2172 6 2183 ἵ
58 2193 215 2260 praccepta·
231 2192 259 2242 et
282 2187 384 2243 cimilia
409 2188 483 2258 apud
507 2190 577 2271 atior
600 2191 725 2258 populor.
766 2189 918 2244 Proverbia
944 2190 1091 2261 popularia

5 2360 7 2469 l

6 2768 8 2847 l

57 2300 118 2338 ecee
129 2283 179 2336 nel
192 2299 226 2334 ex
237 2298 270 2334 eo
282 2286 365 2350 patet,
376 2283 448 2351 qnod
459 2282 594 2351 quaedum
607 2286 669 2335 eunt
679 2282 767 2336 minue
779 2282 907 2338 liberalia
920 2284 996 2354 (utu.
1005 2282 1090 2353 m),

57 2375 194 2446 quaedam
215 2376 378 2444 popularem
401 2375 505 2445 spirant
521 2374 747 2446 nuptiatitionem,
764 2376 905 2448 indignum
921 2382 1004 2447 poeta
1018 2377 1091 2433 libe·

58 2469 175 2539 rali¹³).
197 2533 199 2539 y
217 2470 303 2538 Atque
321 2470 392 2522 haee
410 2468 558 2538 proverbia
580 2468 707 2523 videntur
728 2469 877 2540 praecipue
892 2468 991 2536 suinae,
1016 2484 1089 2539 quae

60 2615 108 2684 ¹³)
127 2613 198 2677 Quin
219 2611 364 2679 proverbia·
379 2612 507 2679 quaedam
525 2612 703 2679 inueniuntur,
721 2630 789 2681 quae
803 2615 962 2667 contrariari
976 2613 1089 2665 aliorum

125 2682 327 2752 proverbiorum
344 2682 501 2730 seutentiam
518 2681 663 2749 continent,
682 2682 709 2731 iu
727 2683 822 2748 quibua
835 2683 978 2755 praecipue
991 2680 1084 2733 haberi

124 2768 205 2821 posse
217 2767 241 2801 v.
250 2750 308 2802 378.
321 2748 373 2800 dixi
388 2766 415 2815 p.
428 2750 494 2801 900.
507 2749 546 2799 De
558 2766 611 2816 quo
626 2766 702 2799 versu
716 2750 748 2799 G.
770 2751 935 2802 llermnuu
944 2767 980 2800 ue
998 2751 1089 2815 (Zeit-

125 2818 223 2872 echrilt
242 2821 284 2868 iiir
312 2817 506 2870 Altertbuuretn.
530 2816 601 2869 1836.
625 2835 651 2885 p.
669 2816 746 2899 682.)
768 2818 816 2873 itu:
841 2820 967 2885 ‚,'lertiue
992 2817 1088 2869 horum

124 2905 250 2941 versuum
264 2904 342 2953 quum
379 2903 475 2953 upuure
494 2902 553 2937 cum
570 2887 789 2954 praecedentibue
807 2903 860 2940 uon
879 2887 966 2939 colom
982 2886 1098 2955 Proclo„

124 2958 174 3009 aed
192 2956 288 3022 etiam,
305 2956 328 3006 ei
371 2967 462 3005 zetzue
481 2954 546 3006 fidet
566 2965 623 3019 eat,
648 2956 699 3006 inm
718 2957 871 3008 Aristarcho
891 2954 1088 3024 Plutarchoquo

124 3024 266 3089 viruerit,
292 3020 524 3076 lioederli'nut
543 3040 602 3075 eom
619 3024 656 3076 ita
675 3023 870 3077 defendendum
888 3024 1031 3085 iudicavit,
1058 3035 1088 3075 ut

125 3093 226 3165 Fateor
241 3110 294 3145 nou
312 3092 348 3144 ed
363 3093 455 3147 παῖδα
472 3093 631 3161 referretur,
657 3093 704 3144 aed
723 3093 823 3145 dictum
842 3105 913 3147 erret
929 3093 963 3145 de
979 3108 1088 3161 potner-

126 3182 198 3223 aore.
235 3163 330 3214 Ponet
343 3161 395 3215 hoc
412 3160 477 3224 fieri,
494 3161 518 3212 ei
535 3162 660 3214 aberrent
677 3162 721 3229 qui
733 3164 897 3231 praecedunt
914 3180 1021 3230 vernus,
1039 3162 1087 3215 ced

125 3229 287 3300 praegren'sis
308 3231 350 3281 hic
377 3249 454 3282 nemo
476 3230 551 3281 illurn
568 3247 671 3282 vernum
697 3249 751 3282 uon
776 3233 808 3284 ed
828 3232 911 3284 filium
929 3232 1035 3283 referet,
1053 3259 1088 3269 -

7 3322 8 3377 ξ
124 3300 209 3352 Recte
227 3316 291 3351 vero
306 3298 553 3419 omdiu‘prooedeut
570 3300 651 3350 tertio
668 3316 745 3350 nerea
760 3300 893 3370 explicato
914 3300 1021 3368 quidem
1040 3299 1088 3365 ite,

127 3370 166 3423 uti
192 3369 278 3421 raucit
302 3370 406 3420 Doeder
418 3369 493 3433 inne,
513 3369 562 3421 ced
576 3366 666 3437 potito
683 3378 744 3421 aute
758 3388 826 3437 euur,
843 3368 928 3439 quiin
942 3369 1018 3420 librie
1030 3369 1089 3436 pri·

126 3457 183 3491 mua
199 3436 281 3506 (876.)
302 3448 351 3490 eet.
388 3439 473 3501 Quum
493 3448 582 3489 auteur
602 3437 680 3489 otiam
702 3438 729 3488 in
747 3450 841 3509 quarto
865 3437 1012 3507 requiratur
1031 3438 1089 3503 καί,

126 3509 179 3559 erit
191 3507 240 3558 ille
254 3506 292 3556 sic
305 3505 474 3557 scribendus:

232 3570 283 3644 ῥέα
294 3574 325 3629 dl
336 3591 368 3628 aa
380 3573 429 3629 ecl
439 3569 587 3627 etelredus
599 3568 684 3644 adpre
700 3571 770 3638 Zeia
788 3570 916 3642 ἄφθιτον
933 3566 1044 3642 didon?
1054 3598 1089 3613 ·-

126 3644 154 3698 si
169 3644 315 3696 cohaerent
328 3645 398 3697 inter
412 3661 441 3696 ee
454 3642 481 3694 hi
496 3659 598 3709 ventur,
612 3643 763 3696 nationesne
778 3644 846 3695 duco
858 3653 975 3694 statuere
985 3657 1087 3709 μωνο·

127 3713 198 3782 peuri
216 3713 307 3767 παῖδα
322 3713 422 3764 dictum
439 3728 496 3763 esee
509 3712 600 3762 eadem
619 3708 806 3777 riguificatione
824 3721 901 3780 utque
918 3710 1024 3777 patirur
1040 3726 1088 3760 ex-

126 3782 332 3852 plicandumque
347 3800 378 3833 eo
394 3782 485 3844 ruodo,
502 3797 577 3849 quem
591 3779 707 3832 iudicavi
723 3800 750 3850 p.
765 3782 825 3835 000.
860 3780 944 3832 Addit
956 3781 1088 3831 Herman-

123 3869 191 3903 nun:
217 3852 375 3918 „Praetereo
388 3850 459 3901 haud
471 3849 527 3901 ecio
543 3864 576 3901 aa
596 3848 717 3902 ultimum
735 3866 839 3904 aereum
856 3849 938 3920 (380)
955 3848 994 3900 eia
1007 3845 1087 3898 turibi

158 3930 259 3973 uertet:

126 3937 158 3990 pr
230 3985 333 4042 πλείων
349 3983 402 4059 γὰρ
419 3984 530 4043 πολλῶν
547 3984 654 4056 μελέτη,
671 3986 772 4055 μείζων
789 3980 814 4041 d‘
833 3979 1008 4065 ἔτιιθηίιη.”ί
1073 4050 1077 4059 Ι

127 4058 154 4109 oi
179 4055 323 4109 cohaerent
339 4057 408 4109 haec
431 4072 489 4107 eum
509 4056 734 4126 antecedentibus,
756 4064 872 4124 praestat
894 4070 957 4105 nune
973 4069 1039 4124 ycp3
1065 4050 1087 4102 ei

126 4125 257 4194 generalia
270 4135 313 4179 eet
324 4126 457 4179 tentantia
469 4141 518 4194 per
532 4141 562 4177 re
576 4125 730 4194 spectanda,
744 4141 797 4178 nou
813 4140 881 4194 opus
899 4123 949 4176 erit
960 4121 1011 4176 hec
1024 4136 1087 4173 uor-

128 4196 259 4249 rectione.

804 4283 887 4349 *rep
