2796 4878
279 350 329 396 m

280 490 398 561 psrs¹ad
415 490 565 559 practicmu
582 506 669 561 genus
692 505 741 544 sen
758 491 860 561 Opera,
880 490 1102 560 Μελαμποδίαν,
1125 489 1302 563 παραινέσεις

281 584 438 653 Χείρωνος,
455 580 595 652 ἐξηγήσεις
617 581 663 637 snt
685 584 813 655 τέρασιν,
840 583 1036 655 ἀστρονομίαν.
1070 569 1143 653 Quid
1160 586 1194 637 de
1211 585 1302 640 titulos

282 674 441 745 ίκνκήότιος
464 676 504 738 είς
529 674 678 748 Βότραγόν
701 679 761 746 (vel
782 673 938 751 βότραχόν)
962 697 1027 732 τινα
1044 675 1185 746 ἐρόμενον
1203 674 1302 744 αύτού,
1365 740 1370 749 ¹

281 769 450 823 sentiendum
467 769 501 822 sit
519 770 623 837 nescio,
647 770 757 823 videtur
780 776 872 825 tamen
895 773 930 824 ed
947 770 1100 824 Hesiodum
1115 772 1234 822 relatum
1249 772 1303 823 lroe

169 855 171 859 ¹
282 878 393 915 carmen
416 862 500 914 fuisse
524 867 634 930 propter
657 869 847 933 argumentum
868 865 1020 932 pastorale,
1045 863 1117 930 quod
1138 862 1228 916 simile
1252 860 1305 915 fuit

282 953 386 1007 Culicis
403 953 553 1024 virgiliani,
571 955 617 1022 qui
633 956 672 1008 ita
689 956 797 1039 linitur:

383 1047 474 1099 Parve
492 1047 586 1112 Culex,
604 1049 738 1115 pecudum
755 1051 844 1100 custos
860 1046 911 1101 tibi
927 1048 983 1100 tule
1000 1046 1115 1100 merenti

384 1140 499 1193 Funeris
515 1138 638 1191 officium
654 1139 728 1193 vitae
746 1158 795 1208 pro
811 1156 924 1192 munere
941 1139 1038 1192 reddit.

332 1232 462 1285 Dicamus
473 1231 591 1300 primum
602 1233 636 1284 de
652 1232 835 1286 celeberrimis
846 1232 1028 1303 mythologici
1036 1232 1145 1302 generis
1159 1230 1306 1299 poematis,

282 1324 317 1377 de
335 1325 509 1394 (latalogo
528 1328 555 1376 et
571 1324 655 1376 Eoei
661 1341 682 1376 s.
717 1327 792 1377 llnos
809 1325 894 1378 fuisse
911 1325 1004 1378 titulos
1021 1325 1067 1377 uni
1084 1326 1227 1390 eidemque
1244 1339 1306 1377 car-

281 1415 349 1468 mini
365 1415 463 1468 inditos
479 1432 513 1467 ex
531 1431 565 1466 eo
583 1420 666 1483 patet,
685 1418 756 1482 quod
773 1416 850 1469 Senti
869 1433 962 1469 rersns
979 1414 1103 1480 1-5o.‚
1122 1431 1237 1482 quorum
1256 1414 1308 1467 ini·

282 1505 351 1560 tium
374 1511 415 1559 cst
437 1501 456 1575 ἢ
482 1505 544 1575 οἵη,
570 1506 606 1558 ab
630 1506 740 1572 entiqno
761 1509 944 1577 grammatico
967 1510 1008 1576 (p.
1026 1507 1087 1561 108.
1110 1525 1137 1559 ιι.
1156 1507 1235 1573 edit)
1260 1506 1309 1560 ds-
1333 1490 1336 1493 ¹

283 1600 386 1667 sumpti
411 1614 470 1652 esse
495 1599 618 1652 dicuntur
640 1617 674 1652 ex
693 1606 796 1668 xquaero
822 1605 965 1673 catologo:
991 1601 1042 1669 τῆς
1058 1597 1186 1661 Ἀσκίδσς
1201 1595 1220 1668 ἦ
1238 1594 1309 1669 ἀρχὴ

282 1688 364 1764 ἐντῷ
381 1689 406 1746 d'
424 1688 569 1763 καταλόγῳ
581 1689 697 1763 φέρεται
713 1692 793 1765 μέχρι
810 1696 911 1764 στίχων
928 1692 952 1749 ν’
970 1694 1017 1749 καλ
1035 1690 1069 1753 ς’.
1092 1693 1231 1746 Accedunt
1250 1693 1310 1743 lle·

283 1784 410 1853 syclsiusr
427 1776 538 1838 Ἠοῖαί·
556 1782 573 1838 ό
592 1783 746 1860 κατάλογος
761 1785 903 1852 Ἡσιόδου,
921 1792 949 1840 ct
965 1787 1074 1853 Suldss,
1091 1785 1137 1854 qui
1149 1787 1241 1838 Eoess
1256 1801 1310 1838 uon

283 1882 494 1949 commemorat,
512 1875 561 1929 sed
584 1876 756 1946 Catalogum.
793 1880 879 1933 Porro
906 1881 1031 1932 Eustatls.
1049 1880 1082 1932 11.
1100 1896 1127 1946 p.
1145 1876 1195 1930 13:
1215 1867 1252 1946 ἦν
1267 1875 1310 1945 dd,

283 1968 369 2036 φασί,
396 1964 505 2034 Βούτης
521 1966 586 2030 υλός
604 1970 789 2036 Ποσειδσόνσς,
813 1969 852 2034 οἷς
875 1969 1004 2034 Ἡσίοδος
1026 1968 1057 2025 ἐν
1080 1966 1241 2038 καταλόγῳ,
1261 1969 1312 2022 sed

283 2061 318 2114 de
335 2062 432 2113 eodem
444 2061 514 2114 Buta
527 2060 662 2114 Hesiodus
676 2062 818 2116 diseretio
831 2062 914 2116 Eoeis
924 2063 1042 2133 magnis,
1055 2064 1171 2116 Famae.
1184 2062 1228 2129 IV,
1238 2060 1265 2127 2,
1277 2060 1311 2114 1:

283 2149 354 2208 oillei
371 2149 474 2208 Ὕλλου
499 2151 550 2223 μὲν
574 2155 627 2210 τού
649 2152 814 2227 Ἡρακλέους
841 2154 963 2224 θυγατρί
988 2151 1114 2225 Εόαίγμῃ
1145 2154 1312 2224 συνοικῆσαι

284 2244 455 2302 Πολυκάονα
478 2245 546 2301 υλόν
563 2244 673 2301 Βούτου
698 2245 830 2314 λεγούσας
847 2244 898 2310 tole
915 2244 1037 2315 μεγάλας
1054 2243 1120 2301 οἶδα
1135 2242 1240 2309 Ἠοίας.
1275 2247 1313 2300 Bt

284 2340 392 2393 omnino
410 2340 469 2408 quis
486 2343 564 2408 putet
580 2338 675 2406 primis
691 2332 782 2393 statim
799 2340 969 2408 temporibus
985 2355 1094 2392 carmen
1109 2341 1213 2394 dictum
1226 2339 1313 2393 fnisse

282 2426 387 2498 Ἠοίας,
406 2433 478 2499 quod
494 2449 593 2484 nomen
610 2432 723 2485 inditum
738 2450 800 2486 csse
818 2437 922 2486 constet
939 2433 976 2486 ab
993 2433 1107 2501 repetito
1131 2450 1240 2501 semper
1258 2431 1313 2486 ini-

283 2525 321 2580 tio
345 2525 488 2590 carminis,
523 2541 606 2591 quum
631 2541 703 2578 nove
728 2527 863 2593 quaedum
888 2526 1003 2578 heroine
1031 2524 1195 2577 celebrande
1218 2522 1314 2576 csseti

238 2654 244 2665 ·
284 2619 435 2687 (lstslogus
452 2617 542 2686 primo
561 2616 661 2670 dictum
681 2624 856 2685 esttamen,
873 2626 969 2687 postea
991 2618 1074 2671 etium
1091 2612 1192 2669 Ἦσῖαν.
1227 2616 1314 2669 Pror-

282 2725 329 2763 sus
350 2710 441 2763 simile
463 2711 620 2777 exemplum
643 2711 778 2763 habemus
800 2710 828 2763 in
846 2727 880 2763 es
904 2717 981 2780 parte
997 2710 1063 2764 libri
1078 2708 1173 2762 iliadis
1190 2708 1314 2774 secundi,

283 2819 354 2871 quae
377 2808 404 2854 et
426 2799 582 2870 surdiores·
606 2804 677 2857 νεύν
701 2804 774 2856 dicta
798 2810 840 2857 cst
862 2811 889 2858 et
907 2790 1045 2858 Βοιατίατ
1068 2802 1117 2855 illo
1143 2801 1217 2853 enim
1233 2801 1315 2854 titulo

284 2901 396 2964 propter
412 2900 604 2964 argumentum
616 2896 769 2961 utebantur,
786 2898 839 2948 hoc
849 2876 964 2964 *propter
974 2894 1080 2947 initium
1097 2892 1226 2963 catalogi,
1239 2894 1314 2961 quoe

284 2990 325 3057 (r.
342 2986 417 3054 4⁰4.)
435 2993 580 3056 propterea
597 2987 701 3039 factum
719 3005 736 3040 e
753 2988 866 3041 Boeotis
883 2982 938 3053 est,
967 2988 1039 3055 quod
1057 3005 1090 3039 ex
1107 2987 1224 3039 Boeotia
1241 2987 1314 3054 (Au-

284 3080 320 3133 lis
346 3079 419 3132 enirn
443 3084 484 3132 cst
510 3078 643 3131 Boeotiae
674 3080 816 3148 oppidum)
840 3080 869 3132 in
895 3081 989 3133 Asiam
1012 3080 1177 3133 traiecerunt
1201 3079 1313 3133 Graeci.

285 3171 381 3227 Simile
404 3171 469 3238 quid
496 3167 650 3240 (ΙοἘργονς
667 3171 805 3223 coniicers
828 3173 912 3225 licere
930 3173 987 3224 dixi
1003 3177 1093 3225 antea.
1127 3172 1239 3226 Divisae
1256 3173 1315 3226 hae

283 3263 378 3318 ’Heius
397 3265 425 3316 in
443 3268 560 3330 quatuor
578 3263 664 3315 libros
681 3268 760 3315 erant
775 3264 904 3331 (Snidasu
922 3265 1010 3331 enim,
1029 3266 1075 3332 qui
1092 3265 1211 3333 quinque
1227 3264 1315 3319 fuisse

283 3358 358 3425 dicit,
375 3373 468 3410 errare
486 3372 520 3408 ex
536 3353 696 3407 testimoniis
714 3360 836 3407 veterum
854 3362 976 3425 apparet,
995 3374 1109 3424 quorum
1127 3375 1161 3410 ne
1173 3375 1241 3409 unus
1253 3357 1316 3425 qui·

284 3453 348 3506 dem
373 3450 494 3518 quintum
512 3447 640 3516 Catalogi
664 3448 766 3499 librum
790 3449 1045 3517 commemoravit),
1069 3466 1183 3518 quorum
1200 3449 1314 3504 ultimus
1386 3448 1387 3521 l

282 3547 365 3615 longe
389 3543 477 3596 maior
503 3545 529 3594 et
546 3537 651 3592 auctior
673 3538 760 3592 fuisse
781 3540 890 3594 videtur
915 3556 997 3610 quem
1021 3548 1076 3593 tres
1099 3542 1219 3609 priores,
1244 3542 1318 3595 unde

282 3634 411 3706 μεγάλων
432 3633 533 3691 Ἠσιόυ
556 3650 754 3703 cognomen
777 3633 871 3686 tulisse
888 3633 1013 3685 concludi
1030 3651 1063 3684 ex
1082 3633 1232 3684 Pausaniae
1248 3651 1316 3686 ver·

282 3727 327 3781 bis
343 3733 441 3796 potest,
458 3728 560 3796 quiite
578 3726 686 3792 1x‚81,
703 3724 735 3779 42
756 3724 783 3788 ἐς
801 3722 936 3793 γυναῖκάς
953 3742 982 3777 τε
1001 3720 1126 3793 ᾀδόμενα
1143 3721 1191 3774 καλ
1215 3715 1250 3783 ἃς
1266 3741 1318 3791 μς-

283 3821 371 3889 γοὶλας
389 3817 680 3888 ἐπονομάζουσιν
696 3819 799 3880 Ἠοίας.
833 3819 896 3870 rllie
914 3815 1077 3881 discrimina,
1096 3829 1166 3882 quae
1177 3813 1247 3866 inter
1260 3817 1317 3871 (la-

283 3915 393 3983 talogos
407 3917 434 3966 et
449 3915 539 3967 Eoeas
551 3911 685 3964 invenisse
703 3911 755 3963 sibi
769 3909 844 3963 visus
857 3914 897 3960 est
907 3907 1161 3960 Merclrschcll'elius
1174 3908 1216 3975 (p.
1229 3906 1317 3977 loa),

286 4020 339 4072 ego
368 4007 413 4056 vel
430 4004 521 4056 animo
544 4004 731 4058 lubentissime
749 4019 802 4053 non
820 4000 896 4068 potui
912 3986 1076 4068 agnoscere,
1101 4001 1135 4052 de
1154 4001 1252 4068 quibus
1268 4001 1316 4054 laic

286 4092 378 4145 dicere
396 4094 510 4162 longum
526 4101 576 4148 est.
610 4094 700 4145 Unum
727 4091 863 4143 monuisse
888 4090 1017 4144 sufficiat.
1052 4093 1225 4149 confidenter
1242 4096 1315 4148 Pau·

288 4182 394 4241 saniem
421 4184 596 4255 adscripsisse
619 4186 784 4254 Getslogum
806 4184 872 4242 dicit
898 4185 1021 4241 Hesiodo
1047 4189 1088 4257 (p.
1115 4187 1206 4257 lle),
1231 4202 1315 4257 quum
1385 4240 1387 4259 ,
