2796 4878
315 323 406 395 Xffll

315 462 461 518 ediscenda
483 462 568 516 suasit
592 461 688 531 cicero
711 460 816 531 heptas
838 460 898 515 lilio
930 455 1244 529 (5011550510).
1289 455 1343 512 Nos
1385 448 1386 521 i

313 556 399 628 igitur
422 557 531 627 singula
553 556 625 610 haec
650 555 799 624 proverbia
822 553 1014 626 grandioribus
1039 552 1116 619 initio
1133 568 1229 605 versus
1256 550 1343 604 literis

313 646 517 704 distinximus'a
534 649 653 717 reliquis.
687 651 802 701 Praeter
818 649 890 700 hoec
910 653 1001 700 autem
1019 645 1045 698 in
1062 638 1245 697 oeconomicis
1263 661 1343 713 prae-

314 745 399 812 ceptis
413 743 469 796 alio
481 743 616 811 quaedam
628 741 755 796 uberiora
770 741 891 794 carmina
905 740 1032 793 habenda
1045 743 1115 804 sunt,
1134 754 1203 806 quae
1221 737 1267 790 IV.
1285 753 1343 789 ru-

314 835 421 889 sticis
440 836 473 888 de
492 852 561 907 agro
580 837 693 890 colendo
710 833 901 903 (383-010.)
918 841 946 886 ct
962 834 993 884 V.
1018 830 1287 885 mercatoribus
1310 829 1342 882 de
1385 824 1386 829 ’

313 928 490 999 nauigatione
516 928 627 997 (018-
641 926 718 994 004.)
750 926 890 996 praecepit
912 924 1058 993 Hesiodus,
1080 926 1244 979 Helotarum
1264 927 1344 993 poeta

314 1028 425 1091 propter
450 1022 478 1076 id
507 1021 596 1090 ipsum
620 1038 638 1075 a
663 1022 798 1090 Spartano
821 1038 889 1090 rege
918 1018 1005 1072 dictus
1044 1017 1093 1087 (cf.
1126 1019 1191 1072 Dio
1222 1019 1342 1087 chrys.
1385 1004 1386 1041 f

315 1116 362 1171 Or.
377 1117 411 1168 11.
428 1134 455 1184 5.
479 1112 514 1167 04
525 1116 589 1184 sq)
624 1116 655 1169 15
680 1112 834 1184 praeceptis
858 1111 999 1165 rusticis
1022 1116 1165 1180 praeterea
1182 1112 1343 1168 habendum

313 1214 354 1263 cst
372 1211 414 1261 Vl
433 1209 501 1264 illud
520 1207 723 1271 calendarium,
741 1207 814 1275 quod
831 1204 968 1285 Operibus
984 1204 1109 1259 adiicitur
1125 1205 1188 1259 inde
1206 1221 1224 1258 a
1241 1223 1270 1259 v.
1283 1201 1342 1257 005.

313 1305 354 1355 Ab
372 1303 417 1356 his
434 1303 561 1357 omnibus
577 1302 625 1355 via
642 1298 676 1353 55
692 1300 797 1353 ratione
817 1315 927 1367 prorsus
944 1298 1053 1352 diversa
1072 1281 1133 1351 suut
1144 1297 1198 1353 tria
1212 1298 1344 1364 carmina,

312 1414 431 1479 quomuu
455 1397 574 1465 primum
598 1394 654 1447 Vll.
682 1394 723 1462 (ι.
741 1391 814 1444 40-
822 1391 896 1459 105.)
921 1392 957 1444 05
977 1391 1145 1449 Prometheo
1167 1397 1194 1444 et
1216 1391 1344 1447 Pandora

313 1490 439 1543 fabulam
462 1489 647 1558 prosequitur,
673 1482 792 1541 alterum
808 1487 876 1538 VIII
895 1483 1002 1554 (100-
1008 1483 1084 1551 201.)
1110 1485 1144 1537 05
1166 1484 1306 1545 aetatibus
1328 1499 1344 1536 a

314 1584 435 1636 metallis
453 1580 598 1651 appellatis
614 1581 685 1651 agit,
717 1580 828 1661 tertium
845 1580 891 1633 Ill.
912 1576 1021 1647 (524-
1029 1576 1104 1644 558.)
1122 1570 1203 1646 idque
1221 1577 1344 1630 omnium

313 1676 530 1739 recentissimum
547 1674 757 1743 descriptionem
775 1654 875 1749 hiemis
892 1671 986 1725 adiicit
1001 1672 1086 1741 longe
1102 1686 1120 1723 5
1132 1670 1272 1741 gravitate
1287 1672 1344 1723 He·

314 1770 384 1823 siodi
408 1771 455 1822 vel
480 1768 572 1837 poesia
594 1767 747 1821 diducticae
770 1767 888 1839 alienam
919 1763 969 1833 (cf.
993 1766 1165 1818 Twesten.
1190 1763 1343 1821 Commeat.

313 1852 373 1916 crit.
393 1880 420 1930 p.
439 1859 506 1925 50).
540 1860 611 1913 Nam
627 1866 657 1913 ut
674 1862 727 1913 duo
745 1859 853 1927 priora,
877 1874 1031 1927 quanquam
1048 1858 1173 1911 ubertate
1196 1863 1223 1909 et
1240 1858 1345 1913 cohae-

313 1954 402 2007 reatia
426 1953 622 2006 sententiarum
653 1968 671 2006 5
697 1951 851 2021 proverbiis
877 1950 936 2005 istis
966 1952 1090 2015 diversa,
1119 1949 1227 2005 ethicae
1251 1956 1344 2005 tamen

314 2047 453 2127 doctrinae
475 2047 535 2101 fere
558 2052 619 2099 suut
642 2050 836 2111 consentanea,
861 2044 933 2114 quod
957 2044 1097 2098 humanae
1117 2049 1231 2097 naturae
1256 2043 1344 2096 imbe-
1385 2040 1386 2045 ’

312 2120 455 2195 cillitatem
475 2146 502 2192 et
519 2121 683 2208 pravitatem
700 2139 851 2202 ostendunt,
868 2139 907 2191 ita
923 2135 1035 2190 tertium
1046 2151 1156 2204 prorsus
1167 2135 1237 2189 nihil
1247 2137 1344 2204 habet,

314 2232 420 2304 quod
411 2251 439 2286 rn
463 2233 534 2301 hanc
557 2250 619 2310 rear
639 2233 794 2309 quicquam
808 2228 902 2287 faciat
945 2229 1110 2285 Ceterum
1101 2229 1236 2298 imprimis
1260 2230 1343 2285 etiam

313 2327 462 2380 notandum
479 2333 520 2379 cst
537 2343 588 2395 por
603 2327 787 2395 apostrophen
804 2341 834 2377 se
858 2329 1017 2379 conuertere
1035 2328 1144 2391 poetam
1160 2323 1197 2377 ad
1220 2324 1342 2387 Persem,

313 2420 430 2500 fratrem
447 2436 535 2485 suum,
551 2418 596 2479 his
612 2418 695 2472 locis:
720 2418 748 2471 iu
773 2417 906 2495 ethicis
930 2435 957 2470 ι.
975 2416 1018 2473 20.
1035 2414 1095 2469 212.
1112 2413 1174 2468 004.
1192 2415 1252 2470 280.
1275 2415 1343 2483 200,

313 2511 342 2565 in
358 2511 509 2564 rusticis
525 2529 552 2564 v.
569 2509 667 2579 30οψ
657 2492 898 2580 mpraeceptisde
915 2509 1152 2579 navigatione
1167 2527 1195 2564 v.
1201 2508 1263 2562 030.
1273 2507 1343 2574 041,

312 2604 348 2658 iu
373 2604 539 2674 politicis
564 2622 631 2658 vero
657 2606 698 2673 (v.
716 2602 777 2656 248.
801 2602 877 2671 000)
906 2621 939 2656 55
962 2603 1061 2656 mentio
1087 2604 1198 2671 quidem
1223 2603 1343 2658 inlicitur

279 2740 281 2745 ⁴
313 2696 431 2765 Persae,
456 2697 504 2750 sed
529 2698 648 2769 Reges
665 2696 811 2766 alloquitur
834 2703 932 2765 poeta,
956 2697 992 2748 50
1010 2713 1077 2763 quos
1100 2696 1209 2766 proprie
1234 2697 1342 2752 videtur

314 2790 369 2843 555
387 2798 580 2861 argumentum
605 2793 750 2860 pertinere.
785 2791 817 2844 ln
840 2788 1056 2844 calendario
1078 2795 1106 2843 et
1127 2790 1155 2843 in
1176 2790 1263 2844 tribus
1288 2789 1343 2845 illis

213 2882 215 2887 ’
315 2884 495 2952 amplioribus
517 2886 692 2949 carminibus,
710 2900 780 2952 quae
797 2885 879 2936 modo
897 2882 1120 2946 commemoravi,
1137 2885 1214 2939 nulla
1232 2884 1342 2939 omnino

314 2978 495 3046 apostrophos
511 2979 630 3043 mentio,
655 2993 743 3045 neque
761 2978 796 3030 ad
813 2977 914 3029 Persea
933 2993 1024 3048 aeque
1042 2977 1077 3028 ad
1094 2976 1179 3030 aliam
1195 2994 1343 3046 personam

314 3077 418 3123 certam
443 3069 573 3123 directae.
608 3069 689 3122 Vides
719 3069 805 3140 igitur
835 3085 966 3140 maguam
995 3068 1194 3123 dubitationem
1211 3072 1256 3124 ·de
1287 3086 1342 3126 uno

312 3163 413 3215 horum
431 3161 582 3215 carminum
600 3168 713 3215 auctore
730 3163 805 3217 inlici
824 3169 851 3217 et
867 3168 981 3232 propter
994 3162 1131 3217 diuersam
1148 3165 1342 3233 apostrophen,

313 3271 384 3324 quae
406 3271 491 3307 unum
514 3255 683 3325 eundemque
708 3256 869 3324 postumia
891 3273 945 3309 uuo
970 3256 1120 3326 eodemque
1142 3262 1267 3325 poemate
1286 3273 1340 3311 nou

312 3348 399 3408 decet,
416 3353 444 3401 et
461 3355 571 3435 propter
589 3348 719 3403 omissam
736 3367 846 3419 prorsus
864 3351 1056 3418 apostrophen.
1091 3345 1131 3403 ,15
1143 3350 1263 3419 primum
1278 3349 1341 3420 qui·

311 3441 375 3495 055
392 3448 469 3511 patet
484 3421 530 3495 nel
547 3442 647 3496 leniter
663 3442 868 3514 inspicientibus
886 3428 1140 3497 Calendarium
1159 3444 1230 3498 istud
1248 3451 1341 3513 poste·

308 3533 375 3589 rius
381 3535 518 3590 adiectum
536 3554 606 3591 esse
636 3533 732 3609 Ἔργα
757 3537 830 3592 enim
854 3536 943 3605 primo
960 3538 1171 3605 appellabantur
1186 3539 1259 3592 5555
1276 3554 1339 3591 car-

310 3627 386 3682 mina
410 3630 571 3697 (Pausan.
590 3630 713 3699 1x‚al.)
738 3648 789 3684 555
809 3610 1006 3699 Aristophanes
1029 3630 1114 3697 (Rau.
1140 3628 1233 3696 1001.)
1257 3646 1341 3683 nosse

309 3719 418 3774 videtur
436 3718 548 3793 ἡμέρας,
564 3731 657 3793 postea
674 3743 740 3780 vero
752 3720 839 3796 Ἔργα
856 3722 904 3778 aui
919 3718 1042 3793 Ἡμέραι,
1052 3740 1135 3791 quum
1146 3721 1340 3776 Galendurium

308 3813 444 3873 adiectum
461 3821 533 3870 esset
550 3818 610 3887 (55,
630 3824 660 3874 ut
676 3821 730 3873 hoo
747 3819 873 3887 exemplo
890 3821 961 3880 utar,
980 3817 1089 3884 Etym.
1108 3816 1146 3868 M·
1165 3832 1191 3883 5.
1209 3813 1256 3882 08,
1268 3813 1338 3884 15).

309 3908 366 3962 Nec
385 3926 402 3962 a
422 3910 529 3965 Boeoto
548 3911 703 3981 prqfoctum
727 3928 786 3964 esse
811 3913 899 3979 potest
917 3909 1110 3964 Calendsrium
1127 3911 1237 3978 propter
1254 3907 1337 3962 fabu-

308 4002 365 4054 155
377 4002 412 4054 05
421 4004 547 4071 Apolline
561 4009 625 4058 nato
638 4005 682 4059 die
692 4005 808 4072 septime
818 4001 1012 4072 Thergclionis
1030 4001 1131 4057 mensis
1150 3990 1239 4075 ('Eqp.
1251 4000 1338 4070 005),

309 4108 379 4162 quse
391 4095 537 4159 50115555,
549 4115 600 4150 555
619 4099 655 4152 50
672 4099 791 4152 Boeotos
807 4097 925 4166 pertinet
942 4097 982 4165 (v.
1000 4096 1208 4164 Vslclrenaa
1226 4080 1337 4149 addi-i·

307 4186 376 4240 stob.
396 4205 423 4259 p.
440 4188 684 4255 ilatiuelter.
702 4191 767 4244 Dor.
785 4191 806 4245 l.
823 4208 850 4260 5.
867 4188 927 4245 300.
963 4191 1008 4246 cf.
1031 4192 1178 4248 hobecla
1193 4189 1331 4270 Aglaoph-
