2796 4878
279 348 321 389 all

277 487 314 538 de
340 484 460 545 adiecto¹
480 483 620 552 prooemio
642 489 670 538 st
698 482 817 537 indiculo
845 481 954 536 nomine
982 482 1102 537 auctoris
1127 482 1309 554 Theogoniae

279 578 379 631 eximie
396 579 562 630 sustentatur
577 578 783 630 Pausaniae
799 579 859 630 loeo
878 578 925 644 lll,
942 576 992 628 aaz
1017 574 1147 632 Ἡσίοδον
1164 576 1197 630 di
1214 573 1232 645 ἢ
1258 574 1310 631 τὸν

221 716 223 723 ,
276 665 396 742 Ἡσιόδῳ
420 671 574 737 Θεογονίαν
599 668 796 738 ἐςνσοιήσαντα.
839 671 928 736 Quam
952 675 1043 722 autem
1068 670 1200 722 adiecisse
1226 674 1309 737 pula-

277 762 387 813 bimus‘l
404 760 533 813 Difficilis
549 767 589 815 est
598 764 747 830 responsio.
765 763 835 814 Mihi
850 766 941 814 tamen
957 761 1089 814 adiecisse
1101 761 1310 828 Terpander

280 854 405 919 videtur,
430 872 521 921 quem,
546 859 662 922 agente
685 854 817 906 Hesiodia
834 856 983 906 secuudum
1007 854 1133 907 fabulum
1156 851 1309 913 oriundum,

279 946 402 998 carmina
420 946 537 999 Hesiodi
555 945 639 998 etiam
656 945 762 998 musica
778 945 806 997 in
824 946 958 1015 agonibus
976 944 1164 1015 perstrinxisse
1183 942 1310 995 diximur.

278 1040 321 1090 Do
337 1039 392 1090 boc
410 1043 489 1106 poeta
507 1038 546 1090 ita
563 1039 783 1090 Plutarchus
800 1038 834 1090 de
845 1037 949 1090 musica
963 1056 986 1090 e.
1000 1037 1032 1088 42
1051 1037 1203 1104 πεποίηται
1219 1034 1252 1089 δὲ
1268 1035 1308 1105 τῷ

283 1129 457 1202 Τερπάνδρῳ
484 1130 532 1184 sul
554 1131 692 1201 προοίμια
714 1130 892 1199 κιθαρῳδικὰ
914 1129 945 1184 ἐν
969 1128 1071 1185 ἔπεσιν.
1107 1122 1153 1182 ὅτι
1169 1125 1201 1182 δὲ
1219 1127 1247 1181 ol
1264 1147 1309 1182 ss-

277 1223 437 1293 θαρῳὸιιισί
454 1221 535 1290 νόμον
553 1221 582 1275 ol
599 1222 688 1276 πάλαι
706 1220 735 1288 ἐξ
749 1219 823 1276 lucris
837 1223 1010 1288 συνίσταντο,
1024 1219 1166 1290 Τιμόθεος
1178 1217 1311 1288 ἐδήλωσε,

279 1321 307 1368 et
330 1316 413 1382 paulo
431 1320 493 1382 post
515 1332 539 1365 e.
556 1313 588 1367 6:
607 1311 642 1367 cci
660 1311 714 1385 γὰρ
731 1310 803 1386 πρὸς
819 1314 888 1376 σούς
903 1313 994 1377 θεοὺς
1011 1308 1062 1376 oiir
1087 1311 1236 1385 ἐβούλοντο
1255 1313 1311 1381 (εἰσ

278 1408 452 1460 scribendum
470 1406 666 1474 carnidatur)
693 1401 922 1477 ἀφοσιωσάμενοι
944 1407 1086 1479 ἐξέβαινον
1109 1403 1197 1469 aridis
1215 1403 1262 1459 tut
1277 1422 1311 1459 τε

279 1498 333 1569 τήν
355 1497 481 1570 Ὁμήρου
505 1498 553 1552 καὶ
579 1501 637 1552 τῶν
661 1492 753 1553 ἄλλων
776 1500 899 1570 ποίησιν.
935 1503 1023 1570 δῆλον
1042 1496 1073 1553 dl
1090 1493 1167 1551 τοῦτ’
1183 1496 1241 1552 ἔστι
1258 1493 1310 1551 desi

279 1592 339 1647 sois
365 1590 549 1663 Τερπάνδρου
572 1593 738 1662 προοιμίων.
772 1596 834 1646 Ηοο
860 1595 999 1662 aptissime
1023 1593 1138 1662 quadrat
1155 1592 1192 1643 ud
1208 1607 1312 1658 prooe-

280 1683 366 1737 mium
389 1684 585 1753 Theogoniam
612 1700 629 1736 a
655 1685 815 1738 laudatione
831 1687 975 1739 Musarum
1000 1687 1092 1738 statim
1115 1688 1150 1738 ud
1176 1687 1312 1753 Theogo-

281 1777 355 1828 niam
372 1776 486 1827 Hesiodi
503 1774 599 1827 transit
616 1781 705 1842 poeta.
740 1779 770 1829 ln
794 1778 854 1846 ipso
878 1784 969 1831 autem
986 1779 1127 1846 prooemio
1144 1785 1202 1831 tam
1220 1779 1311 1830 multa

283 1867 373 1920 insunt
389 1866 544 1918 testimonia
560 1883 678 1935 magnac
697 1886 760 1921 eum
772 1871 931 1939 regionibns
948 1872 1081 1925 Boeotiae
1094 1872 1171 1939 quasi
1187 1870 1312 1924 familia-

281 1957 370 2011 ritatis
386 1962 543 2011 conuactoe
559 1958 609 2025 (of.
626 1977 653 2011 v.
671 1958 774 2027 4-6.)
798 1968 910 2031 tamque
933 1964 1058 2031 proprius
1081 1971 1122 2016 est
1137 1965 1308 2015 Boeotorum

282 2052 370 2102 cultus
394 2050 536 2101 Musarum
559 2055 587 2102 et
610 2050 784 2119 Gratiarum,
809 2056 886 2108 cuins
909 2056 1020 2108 uberior
1042 2056 1069 2108 in
1095 2056 1217 2108 carmine
1241 2055 1314 2109 nest

282 2142 516 2207 commemoratio,
529 2143 575 2195 vix
587 2148 617 2195 nt
628 2146 663 2195 ab
678 2145 732 2197 alio
746 2163 827 2213 qoam
842 2164 859 2199 a
872 2150 976 2200 Boeoto
989 2150 1122 2216 scriptum
1135 2164 1195 2199 esse
1209 2162 1312 2214 prooe-

281 2235 367 2287 mium
396 2235 481 2287 dicas.
524 2236 586 2288 Fuit
608 2242 699 2290 autem
722 2240 842 2291 Boeotos
868 2241 952 2292 etiarn
974 2239 1134 2307 Terpander
1159 2238 1312 2289 seeundum

282 2325 404 2378 Suidnm.
438 2327 498 2377 lam
516 2326 600 2395 igitur
617 2328 684 2380 satis
701 2337 831 2399 apparat,
856 2350 905 2383 cur
929 2334 982 2385 duo
1006 2349 1073 2400 pros
1097 2330 1194 2383 ceteris
1210 2330 1239 2382 in
1255 2331 1313 2381 boc

283 2418 395 2470 exordio
421 2423 583 2487 argumenta
606 2421 816 2487 experimini,
835 2426 953 2476 alterum
970 2426 1158 2476 demonstrans
1174 2422 1200 2474 in
1218 2422 1313 2473 Boeo-

283 2509 323 2571 tia
341 2509 478 2561 conditum
495 2526 555 2561 esse
572 2512 730 2564 venerabile
748 2531 867 2582 carmen,
885 2518 1027 2569 Musarum
1044 2521 1071 2568 et
1088 2514 1245 2568 Gratiarum
1264 2531 1313 2566 ee-

285 2600 433 2652 leberrima
451 2601 528 2665 sede,
544 2600 644 2654 iniuria
662 2597 849 2672 ἀναισθησίας
876 2608 953 2660 istius
971 2615 1115 2674 accusata,
1138 2610 1171 2660 de
1189 2623 1242 2675 qua
1259 2624 1313 2659 nu-

287 2698 339 2760 per¹
354 2692 438 2743 etiam
455 2692 655 2745 Boeclrlrius
670 2695 736 2766 dixit
744 2697 823 2765 Expl.
832 2701 868 2752 ud
878 2700 946 2752 Pind
965 2701 1314 2769 p.1o”l.,a1terumrustrns

254 2813 266 2828 ι
289 2782 440 2835 condidisse
464 2784 614 2839 Hesiodum
638 2796 776 2856 pastorem
797 2793 834 2844 ud
855 2795 931 2862 ipsas
949 2794 1089 2846 Heliconis
1105 2792 1221 2846 radices.
1255 2793 1314 2853 Sed

287 2876 494 2942 scriptom'csse
510 2880 698 2951 Theogoniae‚
717 2902 769 2936 non
788 2887 955 2940 universo
973 2887 1165 2951 carminum
1180 2883 1312 2939 Hesio-

286 2967 422 3019 diornm
449 2973 596 3038 corpori
614 2976 702 3042 (quod
725 2977 850 3044 opinatur
866 2977 924 3030 sine
940 2977 1078 3043 probabili
1094 2979 1199 3031 rationo
1219 2977 1313 3031 Mue-

282 3059 427 3111 tzellius
450 3062 484 3113 de
508 3067 612 3119 emend.
636 3069 744 3139 Theog.
763 3088 789 3137 p.
808 3068 895 3135 atu),
932 3070 1125 3134 comprobatur
1149 3085 1201 3120 non
1219 3071 1313 3123 solum

284 3168 311 3204 v.
335 3151 388 3216 33„
412 3153 462 3205 sed
487 3158 543 3207 toto
562 3159 690 3211 carminis
705 3166 884 3229 argumento,
909 3159 954 3210 cui
976 3176 1010 3210 no
1028 3159 1183 3212 levissimae
1201 3159 1314 3227 quidem

281 3239 579 3327 indicationes'Eppus
595 3252 699 3314 insunt3
725 3253 781 3304 imo
805 3252 899 3305 laudes
916 3266 1029 3319 regum,
1055 3265 1121 3317 quus
1136 3251 1314 3307 Muetnollius
1379 3246 1382 3259 '

282 3342 374 3389 censet
387 3355 446 3391 esse
460 3340 661 3408 antiquissimas
670 3342 866 3411 (vso—Q),
877 3360 988 3411 prorsus
996 3344 1147 3396 conburiae
1159 3350 1220 3398 sunt
1229 3344 1313 3414 gravi

284 3445 383 3498 regum
414 3434 591 3485 admonitioni
614 3435 641 3485 in
664 3435 807 3504 Operibus.
854 3437 935 3490 Enim
963 3454 1028 3490 voro
1050 3437 1074 3489 si
1103 3436 1159 3489 dixi
1189 3437 1218 3489 in
1248 3437 1311 3504 ipsu

283 3521 401 3576 Hesiodi
417 3524 582 3593 Theogonis
598 3525 738 3577 rarissima
756 3544 816 3581 csse
833 3531 972 3582 variarum
989 3530 1176 3583 recensionum
1192 3528 1312 3598 vestigia

283 3621 396 3681 propter
421 3613 510 3679 ipsam
534 3618 688 3685 argumenti
717 3620 902 3695 saneti-tatem,
927 3640 981 3675 non
1006 3623 1160 3675 mirandum
1188 3626 1230 3673 est
1253 3620 1312 3675 alla
1385 3630 1386 3661 l

283 3704 375 3755 omnia
393 3720 527 3770 apparere
544 3707 571 3758 in
590 3709 701 3761 exordio
718 3711 801 3766 facta.
838 3714 911 3767 linio
936 3714 1009 3767 eninr
1025 3714 1083 3766 sinc
1100 3712 1182 3765 dubio
1201 3712 1311 3765 additu-

283 3800 374 3850 menta
392 3796 527 3861 quaedum
544 3800 652 3854 adiecta
669 3809 729 3856 sunt
746 3811 802 3858 tam
820 3809 945 3876 longiora
961 3823 1043 3874 quam
1056 3806 1191 3858 breviora.
1215 3804 1310 3857 Ιιοο-

281 3887 420 3956 giorum
439 3887 493 3938 duo
512 3892 552 3957 (v.
572 3889 662 3945 5-8.
684 3900 756 3948 etv.
775 3898 914 3966 ol—oo.)
933 3900 1066 3953 debentur
1075 3899 1180 3951 Boeoto
1200 3897 1309 3964 artifici,

280 3979 324 4030 cni
342 3979 477 4034 Boeotiae
495 3984 606 4051 qnidam
624 3987 679 4039 loci
697 3990 770 4041 sacri
787 4007 821 4044 ac
839 3992 1031 4046 nominavere
1049 3989 1160 4059 propria
1177 3990 1310 4044 Boeotiae

280 4070 432 4127 adiicienda
440 4077 675 4145 cussidebantur,
688 4097 722 4134 ns
730 4081 826 4136 iniuria
840 4084 947 4152 patriae
959 4084 1054 4147 daret3
1071 4083 1181 4139 tertium
1194 4085 1235 4152 (v.
1249 4081 1309 4151 46.)

277 4162 368 4234 inepte
385 4184 418 4221 ex
436 4186 462 4223 v.
475 4168 536 4223 111.
551 4178 591 4225 est
600 4173 745 4241 repetitum
753 4193 763 4242 3
782 4176 815 4229 ds
828 4182 926 4245 quarta
936 4175 1143 4245 interpolatione
1158 4193 1255 4232 versus
1265 4175 1308 4229 12.
