2796 4878
146 494 251 565 Negas-i
275 492 360 565 igitur
383 508 438 546 non
463 492 577 562 poterit,
602 492 665 560 quin
692 491 842 560 politica
872 492 1009 561 quaedam
1038 492 1104 546 huie

78 589 230 643 Hesiodiae
246 586 426 658 Theogoniae
442 587 513 654 parti
529 585 674 639 inhaereat
689 583 871 654 significatio,
895 600 981 651 neque
1003 600 1105 637 veren-

78 684 143 736 dam
160 687 219 746 est,
243 697 277 733 ne
295 680 397 748 quiite
421 684 521 732 statuat
549 678 680 731 Enemari
696 677 819 730 doctrina
843 694 874 730 se
890 676 1026 730 imbutum
1044 692 1104 730 essa

78 775 182 829 audiat
199 775 279 826 llaec
289 778 381 827 autam
395 770 560 841 signillatis
577 787 659 838 qnnrn
674 787 729 822 non
746 771 812 823 satis
826 770 1033 824 accommodata
1044 784 1104 821 esse

79 867 220 921 videretur
238 862 404 934 provectiori
420 862 494 915 vitae
513 863 696 928 Graecorum,
720 862 809 930 qualis
829 861 964 931 imprimis
981 860 1104 929 philosa-

78 958 140 1028 phis
158 959 321 1021 debehatur,
338 956 398 1009 ilari
416 972 482 1007 sane
498 972 551 1007 non
569 955 665 1024 potuit,
683 955 745 1023 quin
762 955 792 1007 hi
809 954 968 1022 philosophi
985 953 1105 1022 primum

78 1052 114 1103 ad
136 1049 406 1118 cosmogoniam
428 1047 551 1112 Hesiodi,
569 1047 760 1101 auctoritatem
777 1047 915 1115 antiquam
931 1063 1019 1100 novae
1036 1061 1104 1099 suae

78 1141 221 1193 doetrinae
238 1141 361 1205 allaturi,
378 1142 551 1205 secederent,
568 1141 593 1193 si
610 1147 719 1209 possent
735 1145 801 1209 spts
818 1140 1004 1210 etymologiae
1020 1139 1105 1192 inter-

11 1242 12 1247 ’
78 1233 234 1300 pretatione
251 1233 286 1285 ad
304 1249 384 1285 suam
403 1234 553 1286 doctrinam
569 1235 786 1286 accommodare.
813 1230 859 1286 Sic
876 1232 960 1303 igitur
977 1232 1106 1285 Phere-

78 1327 188 1394 eydos
199 1329 241 1395 (v.
247 1324 385 1380 animadv.
393 1327 428 1377 ad
436 1327 490 1378 Th.
501 1325 576 1393 116.)
583 1322 818 1394 χάοςΗοοίοιΙίοιο
828 1324 939 1393 primns,
950 1327 980 1375 ut
989 1320 1106 1385 ridetur,

11 1410 12 1421 ¹
78 1425 98 1463 a
112 1416 230 1479 χεῖσθαι
244 1416 399 1482 derivabat,
417 1422 447 1469 ut
463 1434 526 1470 cum
542 1435 593 1472 sua
610 1419 732 1472 dochina
748 1420 783 1471 de
799 1432 871 1484 aqua
889 1416 1012 1468 omnium
1028 1413 1106 1467 initio

79 1505 225 1559 concinere
250 1508 390 1562 videretur
410 1509 532 1562 doctrina
554 1510 698 1575 Hesiodia‚
722 1511 741 1563 i.
765 1527 790 1563 e.
810 1507 912 1575 antiqui
934 1507 998 1560 aevi
1020 1505 1106 1569 ildes3

81 1596 114 1649 de
137 1599 254 1669 Dionysi
277 1603 446 1672 etymologia
469 1602 620 1655 statuebat:
645 1601 787 1656 Διόνυσοι
804 1629 836 1640 -
854 1598 893 1661 oie
915 1597 945 1652 hs
968 1593 1039 1660 Διὸς
1066 1597 1106 1660 iii

80 1687 168 1754 vium
186 1692 289 1763 tama
305 1696 411 1761 (solsol.
427 1695 538 1748 ιιοοι.
555 1713 583 1763 p.
600 1694 661 1748 aaa.
678 1693 782 1761 maia.
813 1690 906 1746 sacua
921 1695 984 1743 suns
1000 1691 1105 1743 enare

81 1784 180 1851 aydam
197 1786 247 1839 alii
262 1789 352 1855 multi,
370 1793 400 1840 ut
415 1788 628 1841 Plutarchus
645 1790 760 1840 testatur
777 1786 881 1852 (aquae
898 1789 925 1837 et
940 1783 1012 1854 ignis
1029 1799 1105 1835 aom-

81 1881 170 1941 purat.
189 1877 214 1930 1.
234 1879 270 1932 T.
288 1882 363 1934 lllll.
381 1898 409 1948 p.
428 1878 488 1932 124.
506 1880 549 1932 ed.
568 1879 709 1944 Huttes.):
736 1880 882 1947 συμφωνεῖ
896 1874 928 1931 δὲ
951 1875 998 1931 sai
1013 1873 1105 1929 ‘Heio-

81 1966 131 2029 δος
148 1968 252 2024 elusis·
273 1965 340 2040 ’ἦτοι
362 1970 413 2040 μὲν
429 1969 574 2041 πρώτιστα
596 1968 664 2039 χάος
680 1968 783 2038 γένετο.
818 1973 879 2031 τοῖς
896 1969 1036 2030 πλείστοις
1050 1963 1104 2037 peip

11 2096 12 2099 κ
79 2051 258 2127 drepanium
279 2065 360 2119 δοκεῖ
374 2061 407 2117 τό
425 2059 504 2134 ὕδωρ
531 2064 633 2116 τοῦτον
649 2061 701 2117 τὸν
717 2061 825 2132 τρόπον
841 2058 919 2131 παρὰ
939 2057 993 2129 τὴν
1016 2056 1105 2127 χύσιν.

11 2206 12 2229 ζ
79 2151 127 2204 Sic
144 2152 172 2204 iss
189 2153 253 2206 aliis
268 2156 413 2209 Acusilaua
425 2161 452 2209 et
462 2157 593 2209 Eumelus
604 2154 632 2206 in
640 2154 758 2208 similem
771 2156 855 2208 tinem
868 2155 911 2207 nsi
927 2160 989 2206 sunt
1005 2152 1105 2206 Hesio-

11 2290 13 2309 ,
81 2243 127 2296 dia
144 2249 322 2317 cosmogonia
338 2251 381 2317 (v.
400 2251 561 2301 clement.
584 2248 676 2302 Alex.
689 2247 790 2301 Strom.
802 2250 846 2300 vl.
859 2266 886 2316 p.
897 2244 958 2299 235.
972 2250 1000 2298 et
1011 2247 1104 2314 Etym.

82 2336 120 2388 Μ.
145 2357 173 2407 p.
196 2338 257 2404 523,
280 2339 339 2407 tu,
365 2341 417 2393 nbi
440 2355 530 2393 sermo
556 2344 597 2392 est
622 2339 655 2390 da
677 2337 798 2393 Acusilai
824 2338 992 2409 etymologia
1014 2339 1105 2393 Kriou

80 2428 148 2496 [Tu.
167 2429 240 2498 lan]
258 2432 405 2500 Hesiodii).
424 2432 523 2487 Simile
538 2430 603 2499 quid
614 2432 699 2484 etiam
718 2433 745 2484 in
761 2432 925 2503 Theogonis
941 2432 1052 2501 proprie
1065 2431 1105 2483 sie

82 2521 153 2575 dicta
170 2514 513 2593 fecissePhereeydes
532 2528 559 2577 et
574 2524 766 2577 Acusilaua
777 2525 910 2589 sidentur,
924 2524 970 2594 qui
982 2525 1106 2592 antiquas

12 2624 14 2669 ἶ
82 2613 193 2668 fabulas
223 2621 250 2667 et
279 2616 387 2684 plenius
418 2618 588 2685 eollegerunt
611 2621 638 2668 et
661 2616 771 2670 uberius
792 2623 972 2686 exposuerant
995 2619 1105 2685 (Schol.

12 2776 13 2785 ἵ
81 2708 172 2761 venet.
192 2707 225 2760 ΙΙ.
244 2709 345 2773 Xlllll,
362 2707 446 2773 tuti.
482 2710 559 2759 llaee
577 2713 670 2759 autam
680 2708 751 2760 ratio
765 2710 948 2778 etymologiae
961 2715 989 2761 et
1002 2726 1106 2778 genen-

81 2800 171 2870 logiee
189 2800 384 2869 interpretandi
402 2800 561 2864 Hesiodum,
579 2815 663 2867 quum
676 2801 824 2853 admodum
847 2802 986 2854 videretur
1002 2802 1108 2854 ineerta

83 2909 157 2959 esse,
186 2893 318 2961 paulatim
341 2893 423 2947 cessit
445 2893 509 2958 alii,
533 2908 604 2960 quae
627 2890 710 2944 etiam
726 2890 918 2962 theogonium,
942 2910 995 2945 non
1018 2896 1108 2947 solnm

83 2986 296 3056 cosmogoniam,
312 3002 446 3057 aggressa
463 2993 504 3038 eat
519 2985 566 3051 itu,
583 2989 614 3038 ut
628 2986 741 3037 deornm
759 3001 889 3053 personas
906 3003 955 3054 per
972 2987 1108 3052 quandam

84 3078 310 3150 significationem
332 3077 471 3130 nominum
495 3077 609 3145 physice
632 3078 874 3146 interpretarentur
891 3078 1048 3147 philosophi
1066 3080 1108 3148 (v.

13 3190 15 3237 ,
84 3172 185 3242 liiog.
203 3171 236 3224 Ιι.
253 3170 325 3235 vni,
342 3168 368 3236 2,
387 3167 428 3222 12.
448 3171 496 3234 ix,
516 3169 543 3232 2,
560 3170 611 3237 a).
647 3171 696 3224 Usi
719 3172 791 3224 enim
813 3176 876 3225 snat
898 3171 1041 3241 allegoriis
1061 3174 1108 3225 val

13 3290 15 3305 ι
84 3262 231 3326 ὑπονοίαις
248 3264 296 3331 (de
314 3262 413 3330 quihus
430 3279 456 3316 v.
474 3260 609 3329 imprimis
624 3263 804 3317 Platonem
821 3265 881 3318 Pol.
900 3263 1107 3332 putansa),

84 3374 147 3425 quas
171 3373 225 3409 non
247 3354 413 3408 intellexisse
430 3355 584 3406 Homerum
608 3359 635 3406 et
651 3355 803 3408 Hesiodum
822 3356 850 3409 in
866 3357 1107 3425 reprehensionem

84 3452 232 3515 vocabant,
259 3447 382 3516 quamvis
404 3446 458 3514 ipsi
481 3446 513 3499 hi
534 3446 692 3515 philosophi
716 3449 769 3501 has
785 3448 935 3518 allegorias
952 3450 1106 3518 excogitas-

14 3580 15 3587 ο
85 3549 146 3597 seat
191 3543 284 3596 Huius
310 3538 439 3607 vituperii
471 3538 578 3607 primus
610 3543 708 3590 auctor
738 3539 845 3591 videtur
869 3542 1109 3609 Xenophanes

14 3630 16 3651 '
85 3635 180 3690 Eleate
197 3634 292 3699 fuisse,
311 3633 387 3687 euius
404 3630 431 3683 in
446 3631 520 3683 hanc
537 3647 595 3683 rem
612 3647 709 3684 versus
729 3631 816 3685 hahet
833 3631 960 3687 Sextus
985 3631 1106 3700 Empir.

85 3729 142 3782 adv.
160 3727 296 3781 Mathoni.
314 3743 341 3793 p.
360 3723 420 3777 all.
438 3724 478 3776 B:

184 3815 285 3871 Πάντα
302 3819 383 3878 θεοῖο
401 3809 685 3884 οἱιὲθηιιιιὍμηρός
701 3812 732 3870 θ’
748 3814 877 3881 Ἡσίοδός
894 3837 932 3885 τι,

175 3904 272 3965 “Onna
287 3900 352 3979 παρ’
372 3905 566 3978 ἀνθρώποισιν
584 3902 694 3962 ὀνείδεα
711 3908 758 3964 sai
775 3909 866 3978 ψόγος
883 3909 965 3976 ἐστίν,
1038 3926 1043 3933 ’

183 4000 319 4057 Κλέπτειν
335 3996 476 4070 μοιχεύειν
492 4020 523 4058 sa
539 3999 588 4055 sul
605 3998 743 4068 oiiisilnot
760 3996 923 4067 ἄποιτιῦειν,

86 4112 163 4162 quem
186 4096 221 4148 oh
243 4096 317 4147 hane
341 4095 425 4148 etiam
448 4110 560 4146 eanum
582 4093 690 4147 videtur
712 4094 847 4163 carpsisse
873 4093 1108 4163 Epicharmus

86 4187 123 4256 (s.
141 4188 235 4244 senei.
254 4189 289 4241 ad
306 4187 416 4243 Aristot.
434 4205 462 4256 p.
478 4185 540 4240 oso.
555 4186 581 4238 h.
601 4186 710 4256 Bella).
727 4188 821 4242 Secuti
839 4185 975 4252 anatolii,
992 4190 1022 4238 ut
1037 4187 1108 4239 He-

225 4292 230 4298 ·
834 4271 907 4313 *si*
