2722 4872
267 323 348 367 mx

266 459 361 527 έννέα
394 463 553 544 γυναῖκας
584 459 711 542 δάφνας
737 460 824 548 αὐτῷ
853 459 1070 541 ήωμιζούσας.
1110 457 1230 545 ἐδήλου
1258 462 1291 528 δὲ

266 560 416 640 τδόναρ
444 558 574 634 πάντως
595 556 639 633 ὡς
658 557 786 638 πικρίας
804 557 860 622 καί
887 558 999 622 πόνων
1019 557 1217 641 μετεσχηκὼς
1236 564 1292 645 τῆς

266 655 464 730 παιδεύσεως
483 655 617 739 άειθαλή
637 655 784 738 γεννήσει
804 657 984 738 ποιήματα·
1014 660 1117 719 ταύτα
1137 656 1255 721 τοίνυν
1273 657 1290 721 6

261 746 415 828 Ἡσίοδος
432 752 454 834 ἢ
475 756 548 829 ὄφει
567 751 704 832 ὀνείρων
724 751 916 833 τεθεαμένος
935 750 991 816 καὶ
1018 752 1220 829 διυπνισθεὶς
1240 753 1291 818 καὶ

235 848 304 920 5τδ
330 849 513 931 ποιμαίνειν
539 848 632 929 άφείς
661 847 718 913 καὶ
743 849 857 924 πόνοις
884 846 1002 913 έαντδν
1023 843 1137 926 ἐνδοὺς
1156 850 1211 916 καί
1233 874 1290 932 μα-

266 948 392 1030 θήμασι
420 945 572 1028 τὴντῶν
599 945 736 1027 ὀνείρων
763 943 908 1010 ἐπίλυσιν
936 945 1139 1028 έξεπέρανεν,
1166 948 1188 1031 ἢ
1217 949 1291 1030 περί

266 1042 324 1109 τόν
341 1037 499 1108 Ἑλικῶνα
518 1043 701 1124 ποιμαίνων
721 1040 905 1125 ἐγρηγορὼς
926 1041 980 1108 καί
999 1047 1125 1120 άύπνος
1145 1043 1193 1110 ὢν
1214 1047 1290 1113 σύν·

266 1163 348 1216 νους
366 1163 400 1205 τε
420 1141 501 1220 πρὸς
522 1137 639 1205 ἑαυτὸν
658 1139 800 1222 γεγονὼς
828 1139 882 1205 καί
910 1139 1074 1220 πρέποντα
1093 1147 1178 1206 νοῦν
1198 1139 1290 1225 έσχη-

266 1238 331 1314 κὼς
344 1239 574 1319 ἀποδιδράσκει
590 1237 650 1319 μέν
664 1237 701 1301 τὸ
716 1235 838 1312 εύτελές
851 1235 903 1301 καί
919 1237 1107 1318 ποιμενικὸν
1123 1237 1178 1302 καί
1196 1242 1290 1322 σκλη-

216 1337 256 1401 10
267 1338 381 1419 ρόβιον
393 1335 448 1401 καί
456 1333 673 1417 προςδραμὼν
685 1341 725 1416 τῇ
736 1334 901 1398 παιδεύσει
912 1333 967 1398 καί
973 1335 1087 1410 πόνοις
1101 1333 1291 1419 ἐγκαρτερή-

265 1446 325 1508 σας
332 1434 474 1515 μεγάλην
481 1437 663 1513 καρποῦται
677 1429 737 1514 τήν
746 1434 901 1511 εὔκλειαν,
917 1431 971 1496 καὶ
985 1432 1118 1513 βίβλους
1131 1432 1292 1509 τοσαύτας

265 1529 488 1614 έξεπονήσατο,
509 1531 547 1605 δίς
567 1527 630 1612 ἐγὼ
650 1530 801 1593 Μουσῶν
821 1550 854 1592 τε
874 1527 928 1593 καί
947 1529 1096 1611 γνώσεως
1123 1526 1292 1611 ἐπίσταμαι

264 1628 417 1712 ψώμισμα
438 1626 493 1692 καί
512 1627 640 1709 δάφνας
660 1629 778 1702 λάλους
793 1618 1052 1706 Ἐλικωνίτιδας,
1084 1625 1292 1708 ἑλισσομένας

264 1724 452 1807 άπανταχού
472 1723 527 1789 καὶ
546 1726 732 1800 θαλλούσας
751 1721 807 1788 καὶ
826 1724 1047 1806 κηρυττούσας
1059 1721 1119 1790 τόν
1132 1723 1211 1806 πρὶν
1230 1725 1291 1806 μέν

215 1820 254 1886 15
265 1822 451 1903 οίκτρόβιον
470 1820 525 1886 καί
544 1822 655 1905 άφανῆ
676 1818 779 1902 νομέα
798 1822 978 1902 ποιμνίων,
1007 1827 1073 1886 νῦν
1091 1820 1129 1909 δέ
1148 1822 1291 1905 ήμίθεον

264 1918 502 2003 χρηματίσαντα
530 1917 572 1983 δι’
599 1918 714 2002 άρετής
742 1917 797 1982 καὶ
825 1919 1031 1995 παιδεύσεως.
1073 1916 1174 2000 ὥςπερ
1195 1919 1291 1985 καὶὸ
1320 1915 1324 1923 ’

264 2015 507 2096 Σωφρονίσκου
528 2015 706 2098 Σωκράτης
726 2015 744 2079 ό
764 2014 931 2092 λιθοξόος,
960 2015 1016 2081 καί
1042 2014 1061 2080 6
1082 2015 1290 2100 ἰχθυοπώλης

264 2113 441 2195 Δημάδης,
471 2111 527 2177 καὶ
547 2111 566 2177 6
587 2117 644 2196 τής
663 2113 916 2193 τυμπανιστρίας
935 2113 1098 2195 Αἰσχίνης,
1119 2112 1237 2194 Σίμων
1254 2136 1291 2180 τε

265 2210 284 2275 6
304 2210 457 2287 σκυτεύς,
477 2209 532 2273 καί
553 2208 572 2274 6
591 2203 748 2292 λαχανεὺς
767 2210 964 2292 Εὐριπίδης,
992 2210 1038 2274 έτι
1058 2231 1092 2274 τε
1111 2210 1130 2275 6
1151 2213 1291 2295 Σκύθης

212 2299 467 2389 ἳΟἈνάχαρσις,
497 2305 552 2370 καί
578 2310 677 2388 όίμφω
698 2307 742 2371 τὼ
768 2307 877 2372 δούλω
897 2308 1053 2383 Αἴσωπος
1072 2306 1127 2371 καὶ
1142 2301 1290 2393 Ἐπίκτη-

266 2426 339 2483 τος,
359 2402 414 2468 καὶ
433 2403 452 2468 6
472 2404 583 2484 Σύρος
605 2402 711 2487 ῥήτωρ
732 2404 751 2469 6
771 2403 956 2481 Λουκιανός
976 2404 995 2470 6
1014 2405 1163 2483 λιθοξόος
1181 2427 1216 2470 τε
1234 2407 1291 2472 καί

264 2500 461 2585 ήμίδουλος,
482 2499 538 2564 καί
558 2500 591 2564 οί
609 2500 735 2580 λοιποί,
765 2499 885 2582 (ὥςπερ
905 2500 960 2567 καὶ
979 2505 1057 2583 παρ’
1075 2503 1154 2586 ήμῑυ
1174 2503 1194 2568 6
1213 2527 1291 2588 χρυ-

263 2598 441 2680 σογνώμων
462 2593 584 2672 ἐκεῖνος
604 2599 792 2682 Σωτήριχος
810 2598 866 2664 καί
885 2599 904 2664 6
923 2605 989 2664 νύν
1008 2598 1129 2681 περιὼν
1147 2605 1205 2685 τῆς
1223 2604 1289 2666 Νι·

263 2696 428 2778 κομήδους
447 2695 642 2777 οίνοπράτης
661 2695 843 2777 άρχιερεός,
865 2692 901 2772 ὃς
921 2697 998 2762 οὐδέ
1017 2704 1082 2763 νύν
1102 2695 1205 2762 έθέλει
1224 2703 1288 2764 τού

210 2789 423 2868 25πιθεῶνος
451 2789 637 2869 ἐξίστασθαι
644 2842 653 2872 ,
691 2796 759 2857 ἀλλ’
787 2794 833 2857 έτι
861 2793 919 2860 τὸν
954 2789 1049 2860 οίνον
1076 2796 1202 2877 μιγνύει
1231 2794 1289 2862 καί

262 2892 451 2971 μεταβάλλει
477 2884 555 2965 τοὺς
581 2889 765 2971 άμφορεῖς).
807 2890 1048 2974 συνηκμακέναι
1069 2891 1099 2956 δ’
1128 2890 1230 2957 αὐτόν
1257 2894 1290 2959 οί

262 2987 322 3069 μέν
344 2979 477 3071 Ὁμήρῳ
505 2987 622 3067 φασίν,
657 2986 692 3051 ολ
718 2986 752 3051 δέ
777 2986 832 3052 καί
853 2981 1000 3072 Ὀμήρου
1034 2987 1289 3072 προγενέστερον

262 3079 347 3148 εἶναι
373 3083 634 3165 διισχυρίζονται.
685 3083 739 3148 καί
769 3085 801 3149 οἱ
828 3085 887 3168 μέν
914 3085 1167 3168 προγενέστερον
1202 3082 1288 3153 εἶναι

256 3172 405 3263 Ὀμήρου
434 3178 702 3263 διισχυριζόμενοι
730 3179 765 3246 έν
792 3182 904 3264 άρχαῖς
933 3178 1016 3247 είναί
1035 3198 1116 3266 φασι
1135 3189 1191 3269 τής
1208 3179 1287 3266 Ἀρ·

210 3275 382 3360 3οχίππον
404 3272 687 3360 άρχής,’”ομηρον
707 3278 742 3343 δέ
763 3277 799 3344 έν
817 3283 863 3366 τῷ
883 3279 974 3344 τέλει·
1013 3281 1040 3345 ό·
1053 3281 1082 3345 δ’
1107 3274 1287 3365 ’Ἁρχιππος

262 3365 358 3451 οὗτος
378 3375 450 3451 υίὸς
469 3369 512 3458 ἦν
527 3368 695 3457 Ἀκάστου,
715 3378 814 3461 ἄρξας
830 3371 1013 3462 Ἀθηναίων
1033 3377 1086 3461 έτη
1107 3373 1167 3442 λε’·
1195 3378 1229 3442 οί
1249 3377 1286 3443 δέ

262 3474 466 3555 σνγχρόνους
493 3468 614 3550 αύτούς
641 3467 726 3539 εἶναι
754 3472 900 3557 λέγοντες
932 3475 984 3540 ἐπὶ
1010 3483 1050 3558 τή
1070 3479 1201 3557 τελευτή
1221 3481 1285 3540 τού

261 3571 521 3654 Ἀμφιδάμαντος
555 3577 616 3637 τού
652 3570 808 3653 βασιλέως
844 3573 991 3654 Εὐβοίας
1025 3573 1127 3654 φασίν
1162 3566 1285 3648 αύτούς

260 3667 499 3749 άγωνίσασθαι,
520 3667 575 3731 καί
601 3668 802 3750 νενικηκέναι
822 3660 976 3733 Ἡσίοδον
997 3668 1285 3750 άγωνοθετούντος

328 3872 361 3922 V.
382 3873 404 3923 1.
439 3864 552 3940 αύτῷ]
571 3869 614 3920 Sic
632 3870 691 3920 Vnt.
728 3874 812 3940 Vulgo
830 3871 927 3928 αύτόν.

326 3940 358 3988 V.
378 3940 418 3991 13.
451 3934 743 4007 Ἑλικωνίτιδας]
762 3942 804 3992 Sic
823 3942 883 3997 Vnt.
917 3943 1005 4008 Vulgo
1022 3937 1232 4004 Ἑλικωνίτιδος.

327 4008 357 4059 V.
375 4007 417 4058 24.
456 4008 538 4069 Quem
557 4007 600 4057 hic
617 4005 779 4059 intellexerit
797 4011 903 4070 nescim
931 4009 1087 4082 οίνοπράτη
1111 4009 1218 4062 videtur
1235 4020 1278 4062 ta-

260 4074 342 4127 berna
360 4092 425 4139 ειιε,
444 4077 493 4127 nisi
512 4076 563 4142 leg.
582 4076 787 4144 Νικομηδείας,
805 4088 835 4128 ut
851 4078 1022 4202 οίκαπηάτης
1039 4080 1074 4132 sit
1093 4080 1277 4132 nominativus.

249 4150 254 4163 ⁴
327 4142 358 4194 V.
379 4144 420 4196 34.
456 4143 707 4214 νενικηκέναι]
735 4146 778 4198 Sic
797 4147 856 4202 Vnt.
892 4151 979 4218 Vugo
996 4145 1170 4218 νενικηκότα.
