2722 4872
1035 452 1126 500 lami

96 581 152 650 καί
188 580 361 663 κρίνοντος
391 582 560 650 Παυιίδου
598 587 660 650 τοῦ
694 585 852 668 βασιλλως
883 592 945 655 τοῦ
979 589 1127 673 άδιλφοῦ

91 673 359 764 Ἀμφιδάμαντος
377 679 433 745 καλ
451 683 519 746 τῶν
537 679 622 747 υίῶυ
636 673 897 768 Ἀμφιδάμαντος
917 688 1127 770 Γανύκτορος

96 799 132 842 τε
158 776 213 844 καί
238 779 305 842 τῶν
331 780 463 843 λοιπῶν.
506 775 740 862 ἐξηρωτηκίυαι
765 781 829 863 γὰρ
867 777 988 861 αὐτοὺς
1020 784 1125 851 πολλά

96 876 181 956 πρός
208 874 368 958 άλλήλους
394 873 476 958 φασί
503 875 546 940 δι’
567 874 656 942 ἐπῶν
675 878 894 962 αὐτοσχεδίων
911 881 968 947 καί
987 882 1122 965 ἀποκρί-

97 976 240 1052 νασθαι,
272 971 327 1037 καὶ
351 977 431 1037 πάσι
457 971 516 1038 τόν
525 967 675 1058 ’Όμηρον
692 975 733 1039 τδι
758 981 899 1058 πρωτεῖα
925 979 1121 1061 λαμβάνειν·
1154 974 1175 1039 5

97 1067 189 1145 τέλος
208 1073 269 1135 τοό
290 1069 446 1151 βασιλέως
468 1073 633 1137 Πανελδου
655 1072 802 1149 εἰπόντος
822 1074 933 1150 αὐτοῖς
951 1076 991 1140 τότ
1016 1076 1123 1140 κάλλι-

97 1180 159 1232 στα
185 1168 254 1231 τῶν
282 1166 408 1232 ἑαυτῶν
435 1166 524 1233 ἐπῶν
549 1168 806 1250 άναλεξαμένους
833 1170 950 1251 εἰπεῖν,
975 1165 1124 1254 Ὅμηρος

97 1262 160 1346 μλν
187 1266 316 1345 ἄρχεται
344 1262 449 1347 λέγειν
474 1271 573 1332 τοῦτο
602 1267 641 1330 τό
660 1267 782 1350 χωρίου
801 1267 865 1333 άπδ
884 1271 1014 1335 πολλῶν
1034 1266 1123 1333 ἐπῶν

98 1360 278 1442 ἀρξάμενος
299 1363 452 1426 ὄπισθεν·

159 1473 254 1549 ἀσπίς
274 1476 326 1556 ἄρ’
347 1474 456 1540 άσπίδ’
473 1473 583 1555 ἔρειδε,
603 1475 705 1557 κόρυς
723 1476 837 1558 κόρυν,
858 1476 959 1558 άνέρα
979 1478 1009 1543 δ’
1027 1478 1121 1563 άνήρ,
1135 1479 1174 1544 10

157 1577 272 1649 ψαῦον
291 1573 320 1635 δ’
342 1572 518 1652 ἱππόκομοι
537 1572 677 1654 κόρυθες
694 1577 869 1655 λαμπροῖσι
890 1575 1022 1655 φάλοισι

157 1669 342 1734 νευόντων·
365 1669 410 1745 ῶς
428 1669 549 1734 πυκνοὶ
570 1668 753 1751 ἐφέστασαν
773 1671 948 1754 ἀλλήλοισι,

98 1783 154 1851 παλ
173 1782 349 1864 περαιτέρω
369 1783 506 1847 τούτων.
540 1773 692 1859 Ἡσίοδος
713 1782 748 1848 δέ
768 1785 835 1848 τῶν

161 1896 340 1979 Πληϊάδωυ
356 1891 592 1980 Ἀτλαγγευέων
612 1895 883 1979 ἐπιτελλομενάων

98 2012 274 2094 άπάρχεται
301 2009 357 2076 καλ
384 2010 505 2092 ὁμοίως
527 2003 661 2096 Ὁμήρῳ
686 2009 857 2093 προβαίνει
885 2005 976 2091 μέχρι
995 2006 1119 2070 πολλοῦ
1134 2006 1173 2071 15

98 2113 165 2175 τῶν
184 2105 289 2172 ἐπῶν·
320 2107 376 2173 καί
394 2108 491 2172 πάλιν
512 2106 564 2173 ἐπὶ
590 2110 717 2183 τούτοις
738 2107 771 2172 οί
788 2107 987 2189 παρεστῶτες
1006 2103 1122 2176 πάντες

99 2210 166 2273 τῶν
187 2202 365 2287 ἐλλογίμων
384 2203 437 2271 καλ
458 2207 662 2286 στρατιωτῶν
674 2197 893 2286 τὸνὍμηρον
911 2198 1121 2282 ἐστεφάνουν,

100 2305 119 2373 ὁ
148 2303 184 2369 δὲ
211 2301 376 2384 Πανείδης
403 2300 508 2383 ἔκρινε
534 2309 631 2368 νικῶν
653 2293 809 2366 Ἡσίοδον
835 2300 877 2375 ῶς
906 2298 1038 2381 εἰρήνην
1065 2290 1121 2358 καλ

100 2400 262 2487 γεωργίαν
282 2398 478 2464 διδάσκοντα
498 2398 553 2464 καλ
573 2399 615 2464 οδ
634 2401 783 2479 καθάπερ
794 2391 944 2480 ’Όμηρος
959 2388 1122 2473 πολέμους

101 2501 155 2567 καί
182 2497 315 2580 σφάγια.
356 2495 436 2561 άλλδι
462 2502 567 2562 ταῦτα
596 2493 656 2580 μέν
684 2496 743 2560 είσι
769 2495 937 2578 ληρήματα
956 2493 1022 2556 τῶν
1041 2484 1174 2553 νοω-20

102 2597 204 2680 τέρων
231 2591 287 2658 καλ
313 2594 444 2681 πλάσεις
462 2595 529 2658 τῶν
555 2593 636 2670 πρὸς
655 2592 813 2675 ἀλλήλους
834 2588 1050 2674 ἐρωτημάτων
1067 2581 1123 2649 καλ

102 2696 167 2759 τῶν
187 2690 220 2771 ἐξ
236 2682 385 2773 Ὀμήρου
405 2689 717 2772 παρεκβεβλημίυων
737 2687 825 2754 ἐπῶν
844 2687 899 2752 καί
918 2686 973 2749 ὑπ’
996 2681 1122 2748 ἐκείνου

103 2793 207 2877 δῆθεν
226 2785 408 2870 ῥηθέντων.
439 2781 589 2869 Ὅμηρος
609 2785 674 2867 γὰρ
695 2784 714 2850 ό
733 2788 894 2866 χρυσοῦς,
925 2780 969 2856 ῶς
989 2766 1122 2864 ἐγῷμαι,

101 2893 226 2973 μᾶλλον
246 2885 282 2950 δέ
302 2883 536 2964 άιιριβεστάτως
556 2883 735 2961 ἐπίσταμαι,
755 2881 839 2945 πολύ
858 2899 891 2943 τε
911 2876 1124 2954 παλαιότερος

98 2979 255 3052 Ἡσιόδου
274 2981 411 3065 όπήρχε,
439 2979 494 3045 καλ
514 2981 542 3046 ελ
561 2981 642 3062 πρὸς
663 2972 738 3054 τοὺς
757 2971 1027 3059 δρυλλουμέυους
1047 2965 1175 3036 {nst-25

102 3105 185 3160 υους
204 3073 394 3160 θεοὺςέριν
413 3075 567 3161 ἐστήσατο
588 3077 711 3158 λόγων,
738 3074 793 3140 καί
820 3071 902 3139 κατὰ
929 3069 1056 3135 τούτων
1081 3065 1124 3130 ῶν

103 3181 142 3247 τὰ
161 3183 305 3259 πρωτεῖα
325 3168 477 3250 καὶτοὺς
497 3173 686 3254 στεφάνους
706 3170 876 3256 ήνέγκατο.
917 3168 986 3231 ἀλλ’
1006 3164 1124 3240 λσωςό

104 3276 210 3359 ἔτερος
227 3269 377 3356 Ὅμηρος
401 3265 444 3355 ήν
470 3271 552 3353 δτρλ
575 3263 717 3355 Ἡσιόδῳ
745 3270 913 3353 λσόχρουος
933 3265 952 3330 ό
972 3270 1033 3329 τοῦ
1055 3265 1124 3327 Εὔ-

105 3394 230 3458 φρονος
258 3375 334 3446 παῖς
360 3369 379 3434 ό
401 3360 536 3442 Φωκεὺς
555 3367 575 3432 ό
594 3366 649 3432 καὶ
676 3366 780 3452 τούτῳ
799 3364 860 3448 τήν
879 3361 949 3443 ἔριν
968 3360 1123 3443 στησάμε-

106 3494 172 3550 νος,
192 3467 256 3536 κδν
275 3465 315 3532 τά
335 3465 395 3548 ἐπη
414 3470 475 3530 τοῦ
495 3463 591 3529 θείου
611 3462 737 3529 ἐκείνου
758 3461 878 3541 άυδρδς
897 3466 938 3540 τῇ
953 3457 1123 3541 ὁμωνυμίᾳ
1134 3452 1174 3519 30

107 3563 341 3649 πεπλανημένοι
359 3558 465 3645 λέγειν
484 3565 581 3627 τοῦτο
601 3559 791 3627 ἐπλάσαντο,
814 3551 1032 3638 Ὅμηροιγδρ
1048 3557 1123 3618 πολ·

174 3811 207 3864 V.
227 3814 251 3865 1.
289 3807 495 3875 Πανείδον]
530 3803 728 3860 ΑλΠανίδου.
764 3799 991 3880 V.Gert.p.8J5.
1040 3863 1053 3879 .

175 3880 209 3931 V.
229 3881 261 3934 15
278 3895 335 3946 neq.
370 3875 505 3931 πολλοῦ
523 3874 571 3928 τῶ
578 3872 612 3942 ν]
632 3873 676 3925 δίο
695 3873 726 3924 V.
761 3871 847 3938 Vulgo
865 3870 977 3922 κολλωυ
993 3860 1078 3918 ἐπων.

174 3948 208 3999 V.
225 3949 269 4001 22.
303 3940 673 4014 παρεκβεβλημόυων]
692 3940 736 3993 δίο
752 3940 786 3991 V.
823 3937 909 4002 Vulgo
926 3931 1077 4054 καραήεβλ.

175 4016 210 4067 V.
227 4016 261 4068 27
278 4031 334 4081 seq·
370 4008 525 4081 δίκερας
562 4010 606 4063 δίο
623 4011 685 4062 Vnt.
719 4006 807 4074 Vulgo
825 4004 902 4057 abent
916 4013 1053 4055 ατῐιοοοι.

175 4083 261 4201 ήλθ
289 4081 533 4134 V.Suidw·T
564 4078 697 4150 πανδρος.

228 4118 272 4204 302
306 4146 393 4219 λπη]
412 4147 538 4202 Αδίοτὶε
578 4158 615 4200 at.

722 4225 732 4243 '
818 4227 929 4273 mm
