2796 4878
250 293 258 302 ’
287 324 379 369 nxvru

286 461 499 535 προφερεστάτη
515 464 725 532 interpretamur
737 459 924 535 πρεσβοτότη,
940 462 1084 529 nescimus,
1102 479 1151 516 cur
1166 460 1222 535 peip
1234 463 1315 518 vett.

291 554 421 610 adiecerit
437 562 527 625 poeta.

357 646 574 716 Apollonius
599 646 761 700 Rhodius
786 654 1015 702 commemoratur
1037 650 1073 702 ab
1096 653 1207 703 auctore
1230 664 1316 719 argn-

289 740 374 793 menti
391 740 439 791 lll.
457 739 548 792 Sonti:
573 734 751 802 Ἀσιολλόοιος
769 737 801 794 δὲ
818 739 834 794 ὁ
851 738 962 804 Ῥόδιος
979 740 1010 795 ἐν
1026 741 1066 812 τῷ
1083 739 1108 809 γ’
1126 741 1174 807 (de
1192 741 1247 792 hoc
1264 757 1314 792 nu-

288 848 366 885 mero
390 831 506 884 diximm
526 847 610 898 supra
632 851 660 899 p.
676 832 786 898 LVlll.)
805 833 892 901 φησὶν
913 829 1003 889 αὐτοῦ
1026 833 1092 901 (τοῦ
1114 828 1246 889 Ἡσιόδου
1262 828 1316 902 τὴν

288 922 410 989 assion)
427 918 515 987 abun
535 940 617 991 porro
632 925 773 978 ascholiis
785 926 820 979 ad
837 924 996 993 Operm,
1005 926 1154 994 adTheog.
1164 924 1208 978 26.
1219 923 1318 993 γασιέ·

289 1033 334 1086 ρος
346 1010 419 1082 οἷον]
432 1014 517 1069 otenel
531 1012 596 1069 cinai
610 1016 732 1089 τοῦοιερλ
744 1015 797 1086 τὴν
808 1017 928 1089 γαστέρα
943 1018 1034 1085 μόνην
1051 1013 1252 1085 ἀσχολούμενοι
1269 1017 1316 1071 καὶ

288 1104 363 1176 μόνα
385 1102 421 1160 sd
448 1107 500 1175 τῆς
525 1106 644 1180 γαστρὸς
669 1111 848 1181 φρονοῦντες.
889 1106 1066 1173 Ἀπολλώνιος
1090 1108 1142 1179 μέν
1164 1106 1181 1164 ό
1204 1106 1316 1173 Ῥόδιος

288 1199 393 1255 λελσιειι
414 1195 466 1253 τόν
490 1201 604 1268 πρῶτον
620 1201 713 1270 στέγον
734 1202 835 1270 φησίν·
861 1196 919 1255 ἀλλ’
941 1200 978 1257 ou'
994 1203 1082 1257 trisse
1098 1199 1145 1271 δέ,
1163 1196 1222 1256 ἄλλ’
1241 1200 1312 1258 ἔστι·

288 1290 418 1360 ποιμένες
435 1288 582 1361 ἄγραυλοι,
598 1287 661 1347 κάκ’
680 1292 796 1362 ἐλέγχεα,
814 1290 945 1364 γαστέρες
962 1290 1033 1348 οἷον.

356 1384 421 1436 Did
426 1401 525 1453 ymas
550 1385 655 1439 duobus
672 1385 741 1441 locis
757 1386 892 1447 laudatur,
908 1401 961 1438 uno
980 1386 1016 1439 ad
1033 1386 1117 1454 Opor.
1134 1385 1203 1439 30⁰2
1229 1385 1314 1441 Atos·

288 1497 340 1547 μος
362 1475 393 1532 δὲ
418 1476 581 1549 κοσοόροις,
607 1472 652 1532 ότι
675 1474 760 1531 κόσοι
782 1476 892 1546 ἔχουσιν
923 1475 953 1532 ἐν
982 1479 1018 1550 ιγ’
1042 1476 1131 1551 ον’ρᾷς
1165 1481 1253 1532 altero
1280 1481 1315 1533 ad

288 1573 398 1642 Theop.
423 1569 491 1624 126:
516 1572 642 1638 Δίδυμος
663 1565 695 1624 τό
722 1571 784 1625 ἴσον
805 1568 894 1641 {auspi
920 1567 991 1625 κατὰ
1017 1569 1067 1626 τόν
1088 1571 1139 1639 τῆς
1160 1569 1314 1641 γεννήσεως

288 1661 388 1730 λόγον,
415 1658 459 1719 ότι
482 1663 531 1717 κοιλ
557 1657 644 1723 odada
661 1656 751 1732 όέςπιρ
764 1661 812 1715 κοιλ
830 1658 902 1730 adst)
921 1659 1073 1731 ἐγεννήθη,
1096 1667 1125 1716 ut
1142 1665 1258 1729 nescias,
1278 1681 1315 1730 arr

288 1757 457 1826 singularem
482 1771 595 1823 operam
618 1753 647 1806 iu
668 1755 783 1808 Hesiodi
811 1754 977 1807 carminibus
1001 1755 1210 1824 interpretandis
1231 1758 1316 1811 eden-

290 1847 366 1901 disve
383 1847 511 1915 posuerit.
546 1848 577 1898 V.
596 1846 712 1899 Natal.
731 1848 807 1899 Com.
826 1846 869 1909 Vl,
880 1845 930 1903 18.

357 1938 531 1991 Seleucus
558 1937 825 1995 Alexandrinus
852 1937 951 1993 citatur
967 1942 1004 1993 sd
1020 1940 1104 2009 Oper.
1120 1938 1182 2007 ou,
1201 1941 1250 1995 uhi
1266 1959 1316 2011 pro

289 2028 401 2098 όόμοιοι
418 2028 526 2097 scripsit
542 2029 661 2097 σιλθοιοι,
679 2031 762 2097 Oper.
780 2026 858 2097 549„
882 2031 931 2084 uhi
949 2049 999 2100 pro
1015 2030 1179 2103 πυροφόρος
1195 2050 1247 2086 sor.
1266 2032 1315 2104 όμ·

287 2119 442 2193 βροφόρος,
461 2122 535 2173 Scut.
553 2120 628 2185 415,
655 2121 703 2174 ubi
720 2138 771 2188 pro
787 2118 890 2189 χαλκόν
906 2121 1025 2190 γειλιιόςς
1048 2126 1158 2195 Theog.
1175 2126 1236 2178 114.
1254 2127 1315 2182 lits

288 2216 459 2282 damnantur,
476 2212 537 2266 lto.
558 2207 706 2281 σι’χοομέιη,
722 2213 782 2266 2⁴1⁰.
799 2213 988 2285 καλλιπάρῃος
1005 2215 1120 2283 scripsit.

355 2305 484 2373 Sequitur
499 2303 727 2357 Aristonicus
750 2305 1023 2373 Alexandrinus,
1048 2310 1094 2376 qui
1110 2310 1175 2382 napi
1191 2312 1249 2366 seis
1265 2329 1315 2381 ση-

285 2399 371 2470 μείων
383 2399 477 2467 (notns
489 2396 554 2450 dicit
566 2395 691 2446 Cicero
709 2394 736 2445 in
747 2393 835 2449 Pison.
853 2396 910 2465 3⁰.)
924 2401 980 2453 suiv
993 2397 1023 2454 ἐν
1031 2402 1066 2472 τῇ
1079 2404 1215 2477 Θεογονίᾳ
1220 2402 1316 2473 ‘Hord-

286 2490 470 2558 &suscripsit
488 2485 647 2543 testoSuida
659 2504 687 2540 v.
700 2483 947 2557 Ἀριστόνικοςεῦέ.
967 2491 1115 2547 Boeolrh·
1132 2496 1225 2550 Praei.
1235 2498 1314 2552 Pind.

285 2603 314 2652 p.
331 2582 400 2635 xv1.
435 2581 672 2641 Semellaudatur
689 2579 716 2641 in
733 2581 855 2649 scholiis,
880 2597 951 2649 quac
968 2588 1089 2640 nostr-am
1106 2595 1225 2643 aetatem
1241 2593 1313 2645 lula-

285 2679 356 2744 runt,
373 2676 482 2745 Thepg.
499 2672 568 2728 178:
586 2669 766 2744 Ἀριστόνικος
782 2671 891 2742 λοχεοῖό
908 2691 994 2743 φησιν
1011 2675 1050 2740 σός
1065 2683 1198 2752 tepente·
1218 2681 1315 2752 λοχςός

285 2767 338 2840 γὰρ
355 2765 427 2835 λέγει
443 2767 476 2834 (f.
493 2766 630 2835 ityreos),
649 2767 795 2837 βεβίασσαι
806 2769 858 2835 (sc.
870 2765 1083 2839 οἷοσβεβέιισται)
1105 2772 1137 2827 δέ
1156 2771 1189 2828 τό
1205 2774 1315 2844 λοχέοιο

285 2859 364 2931 sapa
376 2857 409 2914 τό
428 2857 495 2921 ἔθος
507 2861 547 2926 (v.
556 2860 701 2926 pxxilll.
713 2861 741 2911 h.
753 2859 867 2928 praet).
901 2862 1025 2932 Egregia
1042 2864 1206 2933 observatio,
1224 2867 1314 2920 euius·

286 2953 361 3007 modi
377 2952 400 3007 si
417 2954 511 3020 plures
526 2952 703 3010 haberemus,
722 2953 756 3004 de
774 2951 890 3013 dialecto
908 2954 1022 3006 Hesiodi
1039 2957 1122 3026 louge
1139 2959 1314 3026 exquisitiora

285 3045 426 3098 sciremus.
451 3044 482 3096 Si
495 3045 658 3097 concludere
675 3044 771 3098 liceret
786 3044 858 3097 hacc
875 3048 983 3111 σημεῖα,
1002 3046 1035 3098 de
1053 3048 1150 3113 quihus
1166 3053 1203 3103 ad
1219 3054 1313 3107 Theo·

286 3135 397 3206 gauium
416 3135 522 3188 dixerat
537 3132 713 3199 Aristonicus,
729 3132 881 3187 Aristarchi
904 3135 1004 3202 luisse,
1029 3140 1100 3204 quod
1117 3142 1151 3193 de
1167 3143 1313 3200 Aristonici
1343 3154 1345 3163 ‘
1370 3151 1373 3157 ’

285 3227 355 3280 notis
368 3224 523 3278 Homericis
538 3226 728 3294 comprobavit
746 3226 914 3299 hehrsius
928 3227 962 3280 de
979 3228 1131 3284 Aristarchi
1142 3235 1212 3291 stud.
1226 3237 1311 3291 Hom.

286 3337 314 3387 p.
332 3318 387 3384 15,
404 3321 486 3388 louge
505 3318 588 3371 etiam
606 3317 751 3386 pretiosior
767 3316 820 3370 fuit
834 3317 978 3372 Aristonici
995 3321 1074 3374 libor.

350 3410 388 3463 lli
406 3426 499 3461 omues
517 3410 552 3462 ad
568 3408 720 3461 Aristarchi
736 3411 862 3463 scholam
879 3412 1089 3467 Alexandrinam
1106 3417 1230 3472 videntur
1247 3439 1310 3489 per-

282 3503 377 3558 tinere.
412 3503 467 3557 Sed
485 3502 571 3557 etiam
586 3501 736 3556 Aristarchi
753 3503 920 3556 clarissimus
937 3507 1111 3560 adversarius
1129 3516 1156 3564 et
1173 3511 1311 3568 obtrecta-

283 3599 335 3658 tor,
360 3596 486 3656 Crates
509 3593 693 3658 Mallotes,
718 3592 903 3648 bibliothecae
931 3602 957 3649 et
981 3599 1071 3652 Musei
1093 3601 1311 3675 Pergamenum)

282 3685 446 3753 praefectus,
459 3700 573 3750 operam
588 3684 757 3738 laudabilem
768 3685 875 3739 videtur
887 3688 1009 3755 posuisse
1020 3689 1046 3742 in
1060 3690 1153 3746 critica
1166 3695 1311 3752 notoria,

281 3904 328 3970 1⁷)
347 3905 387 3954 De
399 3904 493 3955 Museo
502 3905 660 3971 Pergameno
669 3909 817 3962 etiamnunc
825 3911 1083 3965 dubitstMatteru
1093 3933 1113 3978 s,
1126 3918 1308 3974 essaihistori-

340 3990 399 4040 ,que
411 3991 455 4024 sur
467 3973 570 4025 l'dcole
583 3974 609 4025 d’
621 3977 780 4030 Alexandria
793 3982 848 4048 up.
858 3981 901 4034 48.
918 3982 970 4032 Sed
982 4001 1006 4035 v.
1020 3994 1125 4051 praeter
1138 3988 1274 4041 Wolfio
1283 4008 1307 4042 ur

345 4041 465 4109 Prolegg.
473 4060 499 4110 p.
508 4042 675 4099 CCLXXVL
692 4047 720 4096 F.
728 4048 751 4099 R
759 4048 893 4099 salium
904 4051 937 4101 de
945 4051 1180 4175 Aristophvitag.
1189 4058 1306 4110 CLXlll.

346 4110 556 4179 Bernhardy,
575 4113 716 4165 Grundriss
735 4115 781 4167 der
799 4116 897 4184 griech.
917 4119 1025 4174 Liternt.
1044 4124 1063 4172 l.
1083 4140 1109 4189 p.
1127 4124 1143 4175 3
1161 4125 1186 4176 2.
